2932 5070
700 326 907 388 ..7ss-

170 548 178 563 ,
232 516 269 525 ν·
303 479 341 543 ad
375 478 571 562 primipilum
606 499 639 541 se
672 476 838 541 traducere
870 477 1101 560 pronuntiavit.
1149 477 1252 542 Ueber
1282 479 1310 541 b.
1340 500 1372 563 g.

231 580 261 663 6,
284 580 304 644 9
325 580 390 665 vgl.
415 583 445 661 ξ.
468 579 509 643 28
531 578 563 642 b.

316 681 406 746 Sall.
428 680 505 765 Jug.
528 682 567 744 61
592 681 626 744 11
649 680 695 744 eis
722 681 870 765 urbibus,
898 702 979 765 quae
1002 680 1041 744 ad
1065 703 1098 745 se
1127 681 1310 747 defecerant
1334 721 1373 731 —

232 783 391 867 praesidia
413 781 559 866 imponit.
596 782 638 846 66
660 781 822 866 Jugurtha
845 821 883 829 —
909 783 1067 866 civitatee,
1094 805 1176 867 quae
1198 783 1238 848 ad
1260 806 1295 848 se
1318 784 1373 848 de-

231 885 376 949 fecerant
390 888 447 949 111.
466 884 525 948 103
541 884 729 967 reputand0,
750 904 831 968 quae
847 885 908 948 sibi
925 884 1048 948 duobus
1063 885 1191 968 proeliis
1206 889 1374 952 venerant.

230 987 271 1051 88
293 986 407 1051 statuit
428 985 532 1069 urbes,
555 1006 635 1069 quae
658 985 734 1049 viris
757 990 813 1050 aut
834 986 905 1050 loco
920 1008 980 1070 pro
996 985 1139 1051 hostibus
1155 991 1187 1051 et
1202 986 1374 1051 advorsum

230 1110 263 1153 se
279 1087 567 1173 opportunissimae
583 1090 685 1170 erant,
702 1088 846 1173 singulas
863 1088 1101 1175 circumvenire.
1114 1127 1155 1137 -
1166 1088 1215 1152 lm
1231 1088 1376 1154 Catilina

115 1222 117 1226 ¹
230 1191 304 1255 lrein
326 1192 473 1277 Beispiel.

316 1293 413 1359 Bell.
439 1294 559 1358 Afas
583 1294 690 1377 etqui
713 1315 785 1358 cum
807 1314 845 1357 eo
868 1291 988 1356 bellum
1011 1296 1125 1358 contra
1146 1316 1180 1358 se
1202 1296 1373 1379 gerebant.

230 1396 319 1459 Hor.
343 1396 439 1480 112,
458 1400 484 1475 1,
502 1396 543 1460 83
566 1395 615 1459 111
638 1395 712 1479 quia
734 1394 780 1458 nil
803 1395 936 1478 rectum,
958 1395 1020 1459 nisi
1044 1394 1129 1479 quod
1152 1395 1275 1479 placuit
1299 1397 1373 1476 sibi,

229 1497 357 1561 ducunt.
387 1502 446 1562 sat.
470 1497 499 1580 2,
520 1499 550 1580 8,
574 1499 615 1562 82
641 1496 724 1581 quod
753 1496 814 1560 sibi
842 1497 987 1580 poscenti
1016 1519 1083 1561 non
1106 1497 1222 1562 dantur
1244 1498 1372 1581 pocula.

228 1598 335 1663 Ovid.
359 1599 433 1663 fast.
457 1599 571 1681 6,’601
596 1599 649 1663 ubi
672 1602 742 1662 erat
763 1621 820 1663 sua
842 1599 940 1684 regia.
982 1602 1008 1681 1,
1031 1599 1162 1678 4112,
1185 1600 1259 1664 326.
1295 1604 1372 1664 met

229 1702 258 1783 8,
283 1702 355 1765 647.
388 1702 435 1784 15,
459 1701 530 1765 819.
575 1700 657 1764 Liv.
683 1702 711 1779 7,
734 1702 774 1765 37
805 1705 933 1765 centum
963 1702 1058 1766 boves
1091 1701 1249 1766 militibus
1285 1703 1372 1766 dono

229 1802 331 1881 dedit,
365 1803 419 1886 qui
448 1824 555 1867 secum
583 1803 617 1866 in
648 1803 848 1886 expeditione
875 1802 1014 1867 fuerant.
1060 1804 1089 1883 8,
1112 1804 1153 1868 35
1183 1825 1272 1868 suam
1308 1803 1371 1867 iam

230 1904 328 1968 vicem
351 1905 454 1989 magis
477 1905 589 1968 anxios
612 1926 706 1987 quam
730 1905 808 1987 eius,
831 1906 881 1968 cui
904 1904 1055 1968 auxilium
1080 1905 1119 1968 ab
1141 1926 1175 1969 se
1190 1905 1372 1988 petebatur.

234 2008 339 2089 loro
360 2009 452 2070 11110
474 2005 642 2070 intervallo
665 2007 704 2069 ab
726 2005 872 2070 hostibus
896 2005 1110 2088 consedit,.ut
1132 2028 1191 2070 nec
1214 2007 1373 2071 adventus

228 2130 304 2172 suus
327 2147 367 2156 -
390 2108 477 2172 nosci
501 2112 609 2191 posset
631 2112 689 2172 ctt.
711 2108 762 2188 26,
785 2109 826 2173 38
849 2108 933 2191 quod
957 2108 1066 2191 Capua
1094 2108 1288 2191 pertinacius
1317 2131 1372 2192 op-

227 2214 370 2296 pugnata
399 2211 438 2274 ab
461 2209 616 2274 Romanis
644 2231 736 2294 quam
765 2210 897 2274 defensa
923 2210 963 2273 ab
991 2232 1025 2274 se
1053 2211 1225 2274 multorum
1254 2209 1370 2274 Italiae

230 2312 418 2398 populorum
442 2312 566 2378 animos
587 2314 756 2376 averterat.
793 2311 878 2395 28,8
901 2314 974 2396 quia
996 2334 1046 2376 res
1069 2313 1103 2375 in
1127 2311 1261 2376 Graecia
1283 2315 1371 2376 tran·

228 2414 344 2497 quillas
372 2412 491 2485 fecerat
516 2452 549 2462 -
577 2414 676 2478 latum
705 2413 747 2477 ab
776 2435 809 2478 se
841 2413 1003 2477 auxilium.
1048 2414 1100 2496 37,
1124 2414 1166 2478 25
1188 2415 1371 2480 Antiochus

227 2538 291 2579 11011
317 2516 492 2580 civitatium
517 2515 625 2598 modo,
648 2536 728 2599 quae
750 2514 834 2580 circa
856 2536 890 2579 se
912 2519 1021 2598 erant,
1046 2514 1259 2581 contrahebat
1280 2539 1372 2600 prae·

229 2616 320 2682 sidia.
343 2618 395 2699 39,
411 2617 453 2681 23
475 2616 569 2700 quod,
592 2617 646 2700 qui
661 2616 871 2680 Macedonum
887 2617 927 2680 ab
949 2639 983 2681 se
1006 2616 1191 2682 defecerant
1212 2619 1246 2681 in
1270 2618 1368 2701 bello,

228 2718 260 2781 in
285 2739 337 2782 eos
360 2719 409 2782 ius
432 2719 593 2783 saeviendi
617 2720 800 2803 ademptum
823 2719 851 2782 ei
874 2719 913 2782 ab
936 2724 1050 2784 senatu
1074 2723 1152 2783 erat.
1175 2720 1227 2802 27,
1242 2720 1294 2803 51,
1320 2723 1370 2784 13.

227 2818 369 2897 111112,
385 2820 437 2900 56,
456 2822 471 2883 1
495 2821 548 2904 qui
564 2825 677 2884 contra
692 2843 726 2884 se
742 2842 831 2884 arma
845 2822 994 2884 tulerant.
1028 2819 1111 2885 Sen.
1128 2820 1218 2885 clem.
1229 2820 1265 2902 ’1,
1286 2823 1334 2904 18,
1350 2823 1371 2885 2

214 2921 282 3005 vqui
305 2942 339 2985 se
361 2920 481 3006 aliquid
504 2920 709 2986 offenderant.
734 2923 825 3005 1113,
841 2922 893 3001 22,
911 2924 937 2985 1.
962 2921 1032 2985 ben.
1057 2922 1086 3006 6,
1105 2925 1153 3005 11,
1168 2923 1198 2986 2.
1222 2924 1251 3002 7,
1270 2925 1320 3005 15,
1337 2926 1369 2988 3.

313 3023 370 3087 Bei
393 3023 555 3088 Tacitus
583 3023 684 3088 findet
713 3022 781 3089 sich
811 3024 886 3088 hein
908 3023 1063 3106 Beispiel,
1093 3024 1238 3109 dagegen
1262 3024 1369 3089 Suet.

226 3125 334 3189 ‘rial
368 3126 456 3190 cuius
483 3128 587 3190 rector
615 3127 699 3189 circa
727 3147 762 3189 se
793 3125 949 3189 dimicans
980 3126 1181 3190 occubuerat.
1224 3124 1246 3189 J
1252 3125 1303 3189 ul.
1327 3126 1371 3189 34

226 3249 416 3310 quamquam
449 3227 614 3291 obsidione
642 3227 816 3310 Massiliae,
850 3248 930 3311 quae
958 3227 1019 3291 sibi
1048 3227 1081 3292 in
1110 3228 1225 3291 itinere
1259 3232 1369 3311 portas

228 3328 385 3393 clauserat
393 3378 401 3412 ,
424 3328 671 3393 -retardante
701 3329 789 3393 brevi
811 3333 919 3393 tamen
943 3329 1051 3392 omnia
1074 3329 1210 3413 subegit.
1250 3329 1291 3392 74
1314 3329 1370 3412 qui

116 3470 121 3481 «
226 3451 336 3494 necem
360 3453 450 3494 suam
472 3467 514 3478 -
536 3431 734 3514 promiserat.
757 3468 794 3477 —
821 3429 914 3514 Nep.
934 3433 1007 3513 1,1,
1027 3434 1053 3494 1.
1076 3431 1152 3512 5,3‚
1172 3434 1198 3493 1.
1225 3432 1274 3511 11,
1290 3431 1320 3510 3,
1337 3431 1368 3493 4.

231 3533 278 3607 14,
301 3532 330 3615 6,
353 3532 384 3597 8.
417 3533 466 3611 15,
489 3533 520 3615 3,
543 3533 564 3596 5
585 3531 650 3596 und
674 3531 704 3615 8,
729 3533 760 3597 3.
796 3535 845 3614 17,
870 3533 899 3615 7,
921 3532 951 3595 4.
982 3531 1368 3615 25,16,41111(112,3.

227 3631 370 3697 Lucan.
393 3635 423 3717 5,
446 3635 509 3698 805
531 3656 612 3718 quae
634 3657 698 3699 nox
721 3635 781 3698 sibi
804 3635 949 3718 proxima
972 3634 1070 3698 venit.

311 3734 373 3798 Mit
401 3736 546 3821 wenigen
571 3735 780 3800 Arrsnahmen
809 3737 852 3801 ist
879 3736 934 3800 der
957 3734 1126 3800 Gebrauch
1153 3735 1207 3798 des
1231 3734 1368 3800 111111111-
1439 3775 1449 3793 ·

227 3857 317 3899 vums
339 3836 373 3900 in
395 3837 512 3922 obigen
527 3837 649 3902 Stellen
664 3837 764 3902 durch
780 3838 831 3902 die
846 3840 889 3902 im
906 3837 1204 3920 Zusammenhange
1220 3836 1369 3921 liegende

228 3937 397 4002 Annahme
420 3939 508 4003 einer
529 3940 631 4003 oratio
654 3939 783 4023 obliqua
804 3938 993 4023 begriindet,
1016 3936 1164 4024 obgleich
1180 3937 1237 4001 der
1252 3938 1368 4003 Modus

226 4038 393 4103 derselben
415 4041 507 4104 nicht
520 4041 734 4126 ausgedrdcht
748 4041 800 4104 ist.
838 4040 961 4105 Stellen
982 4040 1042 4103 mit
1059 4039 1324 4123 Praepositionen
1341 4063 1367 4104 s.

226 4143 256 4219 ξ.
279 4139 330 4222 28,
353 4140 385 4204 b.

314 4244 345 4322 ἓ.
367 4243 418 4306 31.
458 4241 556 4306 Suus
588 4243 663 4307 sibi
689 4245 744 4326 (=
766 4244 927 4330 proprius)
961 4245 1068 4308 diente
1100 4243 1367 4308 wahrscheinlich

225 4340 259 4403 in
292 4340 348 4405 der
371 4342 606 4427 Volkssprache
635 4345 681 4409 als
710 4344 935 4430 Versttirkuug
962 4347 1132 4427 1611111,
1165 4344 1268 4408 findet
1300 4343 1366 4409 sich

225 4442 302 4507 aber
330 4465 391 4508 nur
418 4444 469 4508 bei
497 4443 557 4542 den
586 4444 763 4511 Komikern
792 4446 856 4510 und
885 4448 920 4511 in
947 4445 1224 4511 nachhlassischer
1251 4447 1367 4511 Prosa:
