3000 5054
709 338 743 347 —
790 299 938 364 604-

248 454 299 519 531
322 454 388 519 uic.
413 454 504 521 Verr.
527 455 557 536 2,
580 455 611 536 8,
634 453 676 517 24
704 453 769 517 und
798 444 892 522 51533.
935 453 1010 516 farn.
1035 453 1064 532 1,
1087 453 1138 536 32,
1160 453 1181 517 2
1203 475 1233 536 p.
1257 452 1404 516 Antonii

247 540 419 638 personam
449 557 621 640 disputata.
658 555 723 618 inv.
750 557 775 632 l,
797 555 838 619 31
861 577 891 638 p.
916 553 1144 618 inductionem.
1181 555 1232 621 53.
1261 553 1314 618 54.
1346 554 1402 619 55.

246 658 287 721 56
311 656 395 739 (5133
417 658 591 722 besonders
607 656 741 741 hsufig).
778 656 864 738 2,11
886 679 918 740 p.
941 655 1140 720 seditionem.
1178 656 1219 719 22
1241 679 1274 739 p.
1298 677 1401 740 quam

248 760 283 842 (4
310 759 399 839 Mal).
456 758 608 823 Dasselbe
640 758 670 840 2,
692 758 734 821 53
763 779 793 820 u.
821 757 864 820 54
889 758 922 843 (7
956 756 1046 839 Mal).
1093 756 1187 821 Rosc.
1217 759 1290 822 Am.
1320 759 1401 843 2p.

247 860 411 924 333133-
441 883 472 944 p.
500 859 667 923 luxuriam.
717 857 808 923 Verr.
837 857 878 935 ΙΙ,
903 861 931 943 1,
953 859 1004 923 2l.
1033 858 1084 924 22.
1115 896 1152 907 —
1183 857 1276 924 Caes.
1304 860 1338 924 b.
1372 882 1400 925 c.

246 964 277 1044 3,
301 963 342 1026 82
376 985 408 1045 p.
442 963 509 1026 eius
543 961 764 1024 auctoritatem
797 960 957 1044 deceptus.
1013 960 1071 1026 Bei
1105 960 1293 1025 Klassikern
1329 963 1400 1026 und

247 1062 415 1147 Spdtcren:
433 1085 493 1146 per
514 1065 579 1128 vim
601 1062 691 1146 (aher
713 1061 747 1124 in
770 1061 953 1125 demselben
968 1062 1068 1127 Sinne
1090 1062 1186 1126 auch:
1209 1064 1265 1144 ml.
1304 1062 1397 1128 Suet.

250 1164 317 1228 Jul.
337 1165 375 1228 16
399 1165 428 1228 31
451 1186 488 1228 ac
510 1186 567 1247 per
590 1186 686 1228 arma.
724 1163 766 1227 14
787 1185 819 1246 p.
842 1185 1011 1227 vencnum.
1049 1163 1118 1228 Tib.
1139 1165 1176 1228 18
1200 1186 1231 1246 p.
1255 1163 1398 1229 libellos.

247 1288 383 1350 gramm,
406 1267 426 1329 6
449 1287 507 1350 per
529 1265 672 1330 unamL
695 1264 834 1328 litteram
857 1265 1012 1349 scriptum
1035 1266 1160 1350 -ipse
1182 1265 1215 1329 id
1235 1287 1293 1350 per
1316 1267 1399 1331 duas

158 1441 161 1446 ,
247 1368 346 1432 effert
382 1367 467 1431 Just.
493 1370 522 1450 1,
538 1367 559 1430 4
573 1390 604 1451 p.
629 1367 772 1431 ordinem
795 1367 1003 1431 successionis
1018 1389 1153 1452 regnum
1170 1367 1208 1431 ad
1225 1369 1400 1453 Astyagen

247 1469 422 1533 deseendit.
460 1471 491 1551 5,
518 1469 557 1532 10
584 1491 615 1552 p.
644 1468 778 1533 insidias
806 1467 1063 1551 comprehensus.
1107 1490 1155 1553 cp.
1182 1470 1219 1531 11
1247 1490 1308 1533 uec
1339 1492 1400 1553 per

245 1570 543 1652 dissimulationem,
567 1572 621 1634 sed
638 1574 749 1654 aperta
765 1570 976 1653 professione.
1013 1571 1064 1648 26,
1084 1572 1098 1632 1
1116 1570 1192 1634 urbs
1209 1571 1250 1635 35
1266 1571 1397 1636 Aristo-

245 1671 323 1734 timo
347 1694 378 1755 p.
402 1672 605 1756 tyrannidem
628 1673 811 1755 occupatur.
837 1708 877 1719 —-
900 1671 967 1736 Per
989 1673 1085 1755 'sedem
1109 1673 1236 1753 fallere,
1261 1672 1395 1752 laedere,

249 1775 471 1839 circumvenire
493 1776 576 1839 61533
598 1774 649 1839 531
673 1772 801 1855 Cicero,
825 1774 942 1838 Caesar
964 1795 993 1838 u.
1018 1796 1045 1840 a.

329 1875 565 1960 Ursprilnglich
594 1875 653 1940 hat
679 1897 746 1938 nun
774 1897 858 1938 zuar
887 1874 953 1939 dies
980 1875 1224 1938 instrumentale
1247 1896 1309 1957 per
1331 1875 1396 1940 den

245 1976 341 2061 Weg
363 1977 560 2059 bezeichnet,
584 1977 642 2041 auf
661 1976 813 2041 walchem
836 1998 912 2040 man
935 1997 1007 2040 zum
1030 1975 1117 2039 Ziela
1139 1976 1290 2060 gelaugt,
1315 1978 1396 2042 aber

245 2079 345 2143 sehon
366 2078 456 2157 fruh,
489 2080 661 2143 vereinzelt
688 2079 839 2162 3333313
863 2076 1162 2157 51333133533Ζ315,
1191 2079 1395 2143 namentlich

244 2180 403 2245 35333315
427 2179 549 2257 Livius,
572 2179 1108 2264 3353333533333113Ρ33331533,
1132 2202 1191 2243 um
1214 2181 1285 2243 mit
1308 2180 1395 2244 dem

109 2295 112 2300 ’
245 2281 414 2345 Ablativ
438 2303 481 2344 zu
505 2281 718 2346 wechselu:
743 2282 832 2349 Caes.
848 2282 880 2345 b.
898 2302 924 2345 c.
941 2282 971 2364 3,
988 2281 1030 2346 55
1051 2303 1108 2364 per
1124 2281 1188 2344 vim
1204 2302 1394 2367 expugnare

245 2421 286 2429 --
319 2382 460 2446 amicitia
496 2383 677 2451 conciliare.
728 2382 802 2447 Sall.
831 2382 907 2468 lug.
937 2383 954 2446 7
989 2405 1091 2467 neque
1123 2406 1155 2467 p.
1191 2383 1255 2446 vim
1288 2404 1394 2467 neque

125 2485 130 2496 '
245 2484 380 2548 insidiis.
418 2484 459 2548 23
475 2487 531 2547 aut
552 2506 582 2566 p.
599 2484 664 2548 vim
687 2488 744 2548 aut
766 2485 857 2549 dolis.
894 2484 1074 2566 313342
1097 2485 1281 2549 nuncextis
1304 2508 1395 2551 nunc

244 2607 302 2670 per
324 2585 408 2649 aves.
447 2586 475 2663 6,
498 2586 519 2648 3
541 2608 607 2649 non
630 2586 659 2649 vi
684 2590 826 2670 captum,
856 2587 910 2650 sed
941 2586 1093 2650 traditum
1116 2609 1147 2670 p.
1177 2587 1394 2652 condiciones.

245 2690 278 2768 6,
293 2687 336 2752 29
357 2708 423 2750 333
447 2687 488 2769 vi,
513 2688 568 2751 sed
590 2711 621 2772 p.
645 2688 846 2753 deditionem.
884 2688 915 2770 6,
931 2688 971 2752 31
989 2688 1060 2772 1333
1075 2689 1286 2752 obtinendum
1309 2710 1392 2772 esse,

245 2788 327 2871 quod
360 2789 499 2852 comitiis
528 2811 584 2875 per
611 2790 749 2875 gratiam
784 2793 930 2873 nequeat.
976 2791 1005 2872 1,
1028 2790 1070 2854 30
1096 2790 1203 2872 potius
1233 2789 1392 2856 beneficio

245 2927 285 2937 „
307 2911 401 2973 quam
424 2914 455 2974 p.
473 2892 674 2956 maleficium.
712 2892 778 2970 8,2
800 2913 865 2955 non
889 2892 1027 2973 foedere,
1050 2892 1105 2955 sed
1127 2914 1159 2975 p.
1182 2891 1393 2958 deditionem.

245 2991 273 3070 9,
289 2992 391 3056 5333
407 2993 545 3074 foedere,
565 2994 619 3057 sed
635 3017 667 3078 p.
683 2994 898 3076 sponsionem.
927 2992 979 3075 29,
1000 2993 1037 3056 19
1052 2992 1124 3076 plus
1140 3016 1172 3077 p.
1190 2993 1394 3075 seditionem,

245 3115 339 3177 quam
367 3093 461 3158 bello.
506 3095 600 3173 39,8
634 3094 734 3158 multa
761 3093 850 3172 dolo,
884 3094 1035 3178 pleraque
1063 3118 1093 3178 p.
1124 3095 1198 3158 vim.
1227 3132 1269 3142 -
1296 3095 1394 3160 Noch

244 3195 456 3278 5536333531
472 3196 648 3260 Tacitus:
673 3198 752 3280 Agr.
777 3196 797 3259 9
812 3196 1004 3260 ostentanda
1020 3196 1136 3260 virtute
1153 3200 1208 3259 aut
1230 3219 1261 3279 p.
1277 3202 1393 3263 artem.

243 3296 282 3360 41
308 3297 485 3361 5333315353
508 3302 562 3362 335
581 3322 612 3382 p.
634 3298 805 3382 ignaviam.
850 3296 924 3382 Vgl.
947 3298 1051 3361 meine
1067 3296 1188 3362 Schrift
1203 3298 1281 3361 11533
1297 3298 1393 3382 Synt.

246 3421 276 3462 u.
300 3397 371 3463 Stil.
394 3399 450 3462 des
471 3398 547 3463 Tac.
572 3403 602 3481 ξ.
629 3400 697 3464 105.

330 3499 419 3565 Ν335
444 3499 699 3585 Schadeberg
720 3501 765 3565 im
789 3500 910 3565 Archiv
933 3502 956 3565 f.
980 3500 1094 3569 Philol.
1118 3501 1133 3565 l
1157 3502 1188 3567 S.
1205 3501 1268 3564 414
1290 3524 1394 3587 sngen

245 3602 296 3665 die
317 3601 478 3665 Juristen:
506 3602 576 3686 lege
599 3624 695 3686 agere
717 3605 912 3666 testamento
936 3602 1041 3686 (nicht
1057 3625 1117 3686 per
1138 3607 1396 3687 testamentum),

244 3704 317 3788 1333
339 3724 434 3788 33333
452 3725 510 3786 per
532 3704 645 3768 iudicis
667 3703 931 3789 postulationem,
954 3727 1012 3789 per
1035 3728 1149 3770 manus
1171 3705 1395 3791 iniectionem,

244 3827 301 3888 per
334 3805 582 3883 condictionem,
618 3828 676 3890 per
703 3807 846 3890 pignoris
876 3808 1058 3890 cepionem,
1091 3807 1239 3892 dagegeu
1274 3808 1398 3874 wieder

245 3906 287 3969 im
321 3905 465 3970 Ablativ:
500 3906 656 3992 vindicta,
694 3930 807 3992 censu,
846 3909 957 3973 calatis
994 3909 1141 3974 comitiis.
1197 3907 1282 3973 Dass
1317 3933 1396 3977 man

243 4007 310 4072 sich
345 4009 421 4071 aber
450 4009 499 4071 531
533 4009 651 4074 diesem
680 4008 764 4074 Usus
793 4008 876 4074 nach
904 4011 992 4074 31333
1020 4009 1121 4095 153331
1149 4010 1303 4093 31355353,
1341 4012 1397 4077 be·

245 4109 363 4174 zweifle
385 4109 446 4173 ich.
1030 4124 1034 4133 “

328 4212 359 4276 4.
382 4210 633 4276 Instrumentele
657 4211 847 4299 Bedeutung
873 4215 932 4278 hat
948 4237 1008 4297 per
1036 4212 1117 4278 auch
1140 4212 1224 4276 wohl
1248 4213 1299 4278 bei
1324 4217 1399 4284 licet

245 4312 309 4376 und
332 4312 436 4376 darnit
457 4313 663 4377 uerwandten
678 4314 900 4380 Ausdriicken.
940 4315 1002 4379 Per
1024 4336 1073 4379 rue
1095 4315 1161 4378 licet
1183 4314 1286 4379 531335
1309 4317 1399 4385 also:

245 4413 343 4478 durch
381 4413 465 4478 mich
500 4413 578 4477 wird
615 4436 649 4479 es
686 4415 777 4480 nicht
812 4417 998 4501 gehindert,
1039 4414 1115 4478 wird
1152 4437 1185 4479 es
1223 4421 1400 4501 gestattct.
