3000 5064
726 88 969 152 1-290-

287 238 402 303 direct:
431 242 525 323 gerat
552 260 610 321 „er
632 239 693 303 soll
715 238 879 324 fithren“).
932 239 1024 304 Eheu
1054 261 1089 303 so
1112 240 1197 304 nach
1220 241 1422 308 'Ausdrdclren

285 339 339 403 des
363 339 526 404 Zweifels:
550 341 580 424 9,
604 341 635 424 2,
657 341 678 405 5
699 340 784 405 haud
806 345 875 405 erat
897 340 1027 405 dubium
1050 343 1127 425 quin
1150 342 1316 408 Lucerinis
1338 367 1424 429 opem

197 464 202 469 ’
285 440 450 505 Romanus
472 442 571 507 ferret
585 442 911 528 (bringemmr'isse).
955 443 1009 525 21,
1032 443 1084 526 36,
1109 444 1132 507 4
1153 444 1238 507 haud
1261 444 1360 509 dubia
1379 469 1426 510 res

285 542 353 607 visu
373 544 451 628 quin
475 582 512 590 —
538 543 788 609 circumduceret
810 566 936 629 agmon.
981 543 1245 610 Dubitativer
1267 546 1425 631 (lonjunc-

150 662 159 673 ⁸
283 644 330 707 tiv
353 645 396 709 ist
417 645 452 709 in
468 645 640 730 folgenden
657 646 724 710 drei
740 644 861 711 Stellen
883 668 922 709 zu
944 645 1124 711 erkennen:
1146 647 1176 726 2,
1193 648 1279 727 55,9
1303 650 1426 730 incerti,

283 750 440 828 quatenus
463 745 579 811 Volero
607 750 769 812 exerceret
795 748 974 812 victoriam.
1018 748 1052 827 7,
1076 749 1112 832 9,
1136 749 1154 812 7
1180 771 1240 814 nec
1262 751 1320 834 qui
1342 755 1428 836 pote·

282 851 410 931 rentur,
443 849 574 914 incertis
602 849 722 913 viribus
757 849 834 913 satis
861 849 999 913 discerni
1032 852 1167 932 poterat.
1218 850 1315 916 Noch
1345 852 1429 916 deut

282 948 383 1013 licher
404 950 462 1034 35,
484 950 526 1015 28
554 972 648 1034 quem
676 951 781 1016 locum
817 951 886 1034 ipse
915 953 1064 1034 capturus
1093 955 1242 1016 esset-
1265 958 1325 1017 aut
1353 958 1431 1038 quot

284 1053 414 1115 armatis
437 1055 493 1116 aut
514 1037 576 1136 quo
598 1073 716 1136 genere
738 1073 897 1118 armorum
914 1073 1038 1136 usurus,
1062 1074 1125 1137 quo
1140 1054 1376 1138 impedimenta
1392 1093 1429 1103 ·-

280 1153 420 1218 reliceret
445 1152 576 1238 (direct:
610 1177 673 1240 quo
700 1154 886 1238 reiiciam‘t).
931 1153 1028 1217 Dann
1058 1153 1143 1239 lolgt
1168 1155 1270 1225 noch:
1306 1162 1426 1241 quanto

284 1275 321 1350 ea
344 1257 400 1318 aut
421 1253 508 1339 quali
526 1257 684 1340 praesidio
708 1256 944 1321 custodiret-
968 1262 1096 1339 caperet
1119 1295 1157 1304 —
1181 1257 1430 1343 amplecteretur

143 1399 145 1401 -
279 1391 321 1403 -
344 1359 428 1420 essct
450 1394 491 1406 -
508 1359 600 1423 foret.
645 1357 725 1422 Hier
747 1380 821 1444 mag
843 1357 923 1422 auch
946 1357 997 1421 dic
1013 1356 1118 1422 Scheu
1138 1379 1196 1422 vor
1210 1360 1267 1424 der
1284 1359 1428 1426 Wieder·

281 1456 405 1544 holung
426 1448 483 1524 der
505 1459 731 1524 volltdnenden
756 1459 1027 1543 Participiulform
1050 1458 1112 1523 den
1136 1459 1336 1547 Uebergaug
1357 1486 1429 1527 zum

281 1558 455 1643 Imperfect
475 1563 536 1626 mit
558 1561 693 1626 bewirkt
715 1561 830 1625 haben.

366 1666 396 1743 c)
427 1662 547 1732 Purtic.
578 1664 684 1745 futuri
712 1663 783 1727 mit
813 1663 882 1744 fui:
909 1662 1013 1727 Plaut.
1042 1661 1136 1727 Most.
1166 1663 1204 1747 2,
1227 1664 1307 1746 2,‘1
1343 1666 1426 1749 quod

283 1763 460 1829 crediturus
482 1765 543 1829 tibi
564 1765 626 1850 fui,
649 1786 743 1829 omne
766 1763 896 1828 credidi.
941 1762 1008 1828 Cio.
1031 1788 1062 1849 p.
1084 1762 1188 1828 Sestio
1210 1766 1252 1837 38
1274 1766 1427 1833 fuistisne

279 1866 319 1930 ad
351 1888 439 1931 arma
465 1867 563 1932 ituri?
607 1890 638 1951 p.
669 1866 739 1950 Lig.
764 1866 782 1929 7
812 1865 962 1929 tradituri
990 1865 1108 1930 fuistis.
1154 1866 1173 1931 8
1202 1867 1277 1951 quid
1308 1869 1426 1951 facturi

281 1967 409 2032 fuistis?
454 1973 534 2035 orat.
557 1968 613 2048 31,
639 1969 699 2032 110
721 1989 797 2032 nam
818 1969 853 2032 in
874 1990 926 2032 me
948 1967 1080 2050 quidem
1098 1967 1164 2032 iam
1184 1968 1312 2052 pridem
1335 1971 1426 2035 effec-

281 2071 350 2133 tum
372 2073 436 2152 est,
467 2070 552 2155 quod
574 2071 717 2135 futurum
739 2069 809 2134 fuit.
853 2093 885 2154 p.
909 2069 1007 2135 Marc.
1031 2070 1066 2149 8,
1089 2068 1237 2153 acquod
1265 2072 1294 2135 si
1321 2094 1425 2138 rerum

278 2174 407 2235 tuarum
433 2172 677 2253 immortalium,
707 2173 744 2240 G.
768 2170 901 2254 Caesar,
929 2170 982 2235 hic
1011 2172 1113 2235 exitus
1135 2170 1260 2237 futurus
1282 2173 1348 2237 fuit
1370 2178 1424 2242 ctt.

278 2270 359 2340 Phil.
385 2268 434 2356 14,
457 2274 477 2338 6
499 2275 602 2339 fasces
625 2274 687 2359 ipsi
709 2273 748 2337 ed
770 2295 821 2337 me
837 2272 973 2337 delaturi
987 2271 1127 2337 fuerunt.
1175 2271 1247 2337 Und
1269 2276 1362 2340 'often
1384 2314 1424 2324 -

278 2372 346 2443 Liv.
369 2375 427 2459 21,
451 2375 508 2455 44,
531 2377 553 2439 4
581 2375 706 2440 deditos
735 2376 857 2440 ultimis
888 2373 1080 2439 cruciatibus
1110 2373 1256 2439 affecturi
1284 2376 1422 2442 fuerunt

276 2515 316 2525 -
341 2476 600 2561 Oonjunctiv:
623 2475 689 2542 (lic.
714 2478 752 2542 de
773 2477 842 2542 fato
868 2477 918 2558 12,
933 2476 974 2540 27
997 2479 1105 2560 potest
1127 2476 1227 2561 igitur
1249 2479 1422 2564 quidquam

278 2578 399 2643 factum
422 2600 501 2662 esse,
525 2578 610 2662 quod
624 2600 692 2644 non
715 2601 824 2644 verum
834 2580 934 2661 fucrit
944 2579 1092 2660 futurum
1114 2579 1202 2644 csse?
1224 2579 1269 2663 (d.
1286 2579 1318 2646 h.
1335 2581 1422 2645 kann

281 2679 366 2745 wohl
381 2685 479 2747 etwas
501 2681 682 2766 geschelreu
705 2682 784 2765 sein,
807 2681 921 2745 dassen
936 2680 1106 2744 Eintrcten
1129 2681 1164 2744 in
1179 2678 1236 2746 die¹
1249 2681 1420 2748 Wirlrlioh·

276 2781 343 2846 keit
370 2781 462 2847 nicht
489 2783 605 2847 vorher
626 2784 792 2849 bestimmt
819 2782 930 2868 warP).
975 2782 1143 2847 Asinius
1170 2804 1224 2866 ap.
1248 2782 1316 2849 (lic.
1346 2785 1420 2849 fam.

258 2883 334 2966 ¹10,
357 2885 415 2968 31,
437 2886 458 2949 5
480 2907 544 2969 qua
575 2884 730 2972 (legione)
758 2884 893 2967 tradita,
927 2886 1047 2968 quanto
1077 2906 1136 2969 pro
1169 2906 1237 2969 rep.
1266 2885 1423 2952 infirmior

273 2980 399 3050 futurus
421 2986 550 3070 fuerim,
580 2989 650 3071 quis
679 2988 818 3071 ignorat.
869 2985 935 3050 Der
956 2985 1037 3051 Sinn
1059 2985 1118 3049 ist:
1147 2985 1261 3072 „hatte
1290 2987 1344 3051 ich
1372 2989 1421 3051 die

143 3118 146 3130 ·
273 3085 398 3172 Legion
425 3087 628 3173 abgegebcn,
657 3109 692 3152 so
716 3094 827 3153 witren
856 3088 960 3154 meine
982 3087 1187 3153 Sueitkrsfte
1213 3088 1422 3172 geschwicht

276 3188 436 3253 worden“.
481 3188 592 3255 Indess
615 3190 761 3255 botreten
782 3190 843 3255 wir
862 3190 932 3254 hier
946 3190 1062 3254 bereits
1085 3190 1141 3255 dus
1164 3190 1281 3255 Gobiet
1304 3193 1361 3255 der
1382 3193 1421 3255 ir·

274 3291 383 3356 realen
416 3290 733 3378 Bedingungss'sitze,
765 3292 816 3357 die
849 3293 883 3357 iu
917 3297 947 3374 ξ.
980 3293 1044 3358 550
1076 3289 1250 3357 behandelt
1282 3293 1418 3358 werden.

272 3392 457 3460 Sen.'ben.
479 3395 515 3475 5,
541 3395 597 3479 19,
619 3395 641 3459 4
661 3397 803 3460 victurus
825 3416 891 3460 non
912 3395 969 3460 fui.
1015 3397 1053 3478 4,
1076 3395 1135 3479 35,
1156 3395 1187 3459 2.

319 3522 323 3537 »
357 3494 391 3576 d)
416 3494 538 3562 Partis.
557 3497 664 3578 futuri
685 3497 756 3561 mit
774 3498 946 3578 fueram:
969 3495 1039 3561 Ter.
1063 3496 1165 3561 Andr.
1188 3496 1223 3579 3,
1246 3497 1284 3580 3,
1311 3500 1348 3560 ll
1372 3499 1418 3561 uti

272 3599 404 3681 nuptiae
433 3598 562 3662 fuerant
588 3599 733 3682 futurae,
760 3599 847 3666 fiant.
870 3602 907 3682 3,
930 3601 966 3684 4,
991 3600 1010 3664 8
1032 3622 1100 3665 non
1128 3599 1260 3663 fueraut
1288 3601 1418 3682 nuptiae

223 3767 225 3771 ,
271 3699 408 3769 futurae.
455 3700 566 3766 Cicero
589 3724 665 3767 nur:
690 3702 759 3766 Att.
784 3703 901 3788 14,16,
922 3703 940 3766 7
964 3706 1019 3768 sed
1041 3706 1172 3768 senatus
1194 3701 1290 3766 hodie
1311 3704 1418 3768 fuerat

270 3803 405 3868 futurus.
455 3803 523 3869 Liv.
552 3805 610 3884 45,
640 3805 681 3869 27
716 3805 896 3890 columnas,
931 3806 1045 3890 quibus
1078 3804 1261 3890 imposituri
1296 3811 1416 3872 statuas

270 3905 356 3990 regis
379 3905 488 3970 Persei
510 3906 653 3986 fuerant,
686 3907 752 3972 suis
774 3909 888 3972 statuis
912 3908 1014 3973 victor
1037 3908 1208 3973 destinavit
1231 3909 1274 3995 (d.
1298 3907 1331 3975 h.
1355 3932 1414 3974 wo·

270 4006 345 4070 rauf
365 4008 411 4072 sie
433 4007 547 4072 hatten
577 4009 691 4073 stellen
720 4009 861 4096 wolleu).
910 4009 1021 4075 lustin
1046 4012 1098 4088 13,
1121 4010 1143 4074 5
1166 4032 1414 4096 excursurusque

271 4128 343 4171 oum
365 4108 588 4172 validomano
610 4111 716 4175 fuerat
738 4113 777 4176 ad
794 4111 939 4176 Athenas
963 4112 1121 4178 delendas.
1166 4111 1262 4178 Noch
1284 4114 1413 4196 Madvig

270 4207 313 4271 ist
340 4208 390 4272 bei
413 4208 571 4273 Dichtern
598 4211 685 4277 diese
706 4213 803 4278 Form
830 4213 1115 4300 gleiehbedeutend
1139 4213 1329 4301 derje'nigen
1356 4215 1411 4279 mit
