2932 5056
254 104 281 166 ιι
310 103 422 167 ceteris
451 104 536 166 facta
568 123 624 166 sua
651 106 736 167 recte
764 106 907 186 prosunt
885 105 970 186 ι,1
1002 103 1041 166 13
1077 102 1227 166 desinant
1256 102 1460 166 insidiat

253 205 338 268 domi
367 227 442 269 suae
471 205 602 270 consuli.
639 204 733 269 Tusa
760 207 788 287 1,
816 205 853 269 18
877 203 1109 268 Dicaearchum
1138 225 1211 269 vero
1235 226 1309 268 cum
1333 186 1454 267 ιιι-ἴ

253 311 385 372 stoxeuo
408 307 584 391 aequaliet
599 255 827 390 condiscipulo
836 328 948 371 suo-
965 307 1159 371 omittamus.
1200 306 1293 370 Verr.
1316 279 1460 384 hsta(

252 413 355 473 totum
379 410 464 474 enim
487 413 543 473 tua
487 408 753 473 tlibidineet
739 410 893 473 tsoelere
916 431 954 473 ex
970 431 1027 473 sua
1048 409 1212 492 patria—
1232 409 1394 473 sustulist'
1370 413 1460 472 ιικ

252 512 322 575 de
314 534 378 576 mv.
401 513 433 593 2,
459 512 496 574 17
520 510 606 574 hunc
628 513 720 593 pater
742 532 871 574 suus-
894 511 933 575 de
955 511 1075 594 templo
1098 510 1238 575 deduxit.
1262 533 1296 594 p.
1315 510 1397 576 Sulla

251 614 282 695 2,
307 615 325 677 7
349 613 448 697 quid?
486 613 645 676 Autronio
674 634 782 677 nonne
810 613 950 690 sodales,
980 634 1087 676 nonne
1116 612 1259 696 collegae
1288 613 1340 677 sui
1363 655 1393 664 -

252 714 445 780 defuerunt?
477 752 514 762 -—
540 713 647 782 Gaea.
677 715 708 778 b.
740 736 772 799 g.
800 717 830 797 3,
859 716 900 779 53
922 715 1056 779 Fabium
1085 736 1157 778 cum
1185 735 1243 778 sua
1272 715 1394 800 legione

252 818 397 881 remittit.
421 817 452 884 b.
468 839 495 883 c.
518 818 549 900 3,
566 816 609 880 24
629 838 726 880 unam
749 839 786 880 ex
809 817 860 881 his
883 816 1114 899 quadriremem
1136 837 1209 880 cum
1224 818 1394 903 remigibus

253 918 535 1033 defensoribusque
565 919 630 982 suis
659 921 821 1001 ceperunt.
863 918 893 995 3,
921 919 960 982 97
990 922 1151 1002 partem
1142 943 1177 984 ιιι
1207 943 1266 984 sua
1296 924 1396 984 castra

253 1021 441 1084 remisit-
400 1019 556 1084 -.Sall
580 1021 650 1085 dat.
628 1020 716 1084 ι28
739 1020 871 1084 introire
893 1020 932 1083 ad
949 1019 1136 1085 Ciceronem
1159 1045 1197 1087 ac
1219 1023 1291 1086 de
1280 1043 1395 1106 rmpro-

253 1123 320 1186 viso
343 1123 427 1186 domi
451 1143 527 1186 suae
548 1122 740 1205 imparatum
763 1122 943 1189 confodere.
976 1122 1025 1188 Ib.
1041 1123 1093 1186 21.
1118 1124 1266 1213 -Eben
1290 1146 1327 1188 so
1350 1123 1398 1186 bei

252 1224 389 1288 Livius
418 1224 581 1310 (Klihnast
567 1223 634 1289 t.S
659 1215 713 1309 97)
742 1226 805 1288 und
829 1222 907 1307 Spa
909 1246 1056 1288 eren
1016 1224 1163 1289 -S.en
1195 1226 1269 1290 ben
1298 1226 1398 1308 4,29,

251 1327 400 1390 2vilitas
428 1348 486 1390 sua
513 1326 576 1389 illis
605 1324 658 1389 det
659 1325 745 1388 rabit
731 1326 917 1409 tpretium.
957 1327 1047 1391 clem.
1074 1329 1100 1410 1,
1126 1327 1174 1409 18,
1197 1327 1314 1412 2quis
1336 1349 1399 1391 non

252 1427 389 1493 Vedium
417 1420 596 1492 Pollionem
623 1428 713 1511 peius
742 1428 851 1491 oderat
837 1431 975 1511 tquam
1005 1430 1087 1517 servi
1115 1429 1186 1493 sui?
1230 1428 1306 1493 Und
1335 1428 1398 1512 dgl.

252 1531 343 1597 after.
369 1567 409 1578 -
437 1529 525 1595 Tac.
556 1531 585 1593 h.
612 1532 640 1611 1,
664 1531 705 1594 64
733 1530 837 1593 ιοιιιιι
866 1530 927 1594 sibi
956 1529 1108 1594 hibernie.
1146 1531 1223 1612 5,5
1252 1532 1339 1595 inter
1367 1552 1400 1593 sc

252 1631 333 1696 nihil
355 1631 514 1697 illicitum.
533 1672 568 1680 -
587 1631 711 1697 Jedoeh
733 1632 776 1695 ιιι
799 1654 854 1696 aus
871 1630 1010 1696 -solchen
1033 1630 1154 1696 Stellen
1177 1632 1272 1696 keine
1295 1655 1401 1716 gram·

252 1735 407 1798 matische
436 1733 538 1818 Regel
561 1757 600 1797 zu
627 1732 839 1798 abstrahiren.
885 1733 960 1817 Vgl.
991 1734 1122 1818 Madvig
1148 1733 1204 1800 Gr.
1227 1738 1258 1815 ξ.
1283 1735 1402 1817 490,1ι

253 1858 305 1900 am
328 1836 430 1900 Ende.

336 1941 366 2019 c)
391 1936 457 2000 Das
480 1937 610 2021 Subject
632 1938 675 2002 ist
702 1937 961 2002 unbestimmt
984 1937 1130 2020 („man“)
1163 1937 1243 2002 Cic.
1272 1938 1312 2002 de
1334 1938 1400 2001 inv.

253 2041 281 2123 1,
304 2041 344 2102 21
373 2039 482 2103 omnia
508 2039 687 2120 torquenda
714 2044 790 2103 sunt
818 2040 856 2102 ad
889 2039 1089 2102 commodum
1117 2061 1192 2104 suae
1222 2027 1400 2104 causae—

251 2163 309 2206 sua
338 2141 510 2224 diligenter
532 2144 564 2204 et
586 2140 719 2205 enodate
742 2140 909 2205 narrando.
953 2139 1006 2204 off.
1032 2141 1060 2222 1,
1084 2141 1126 2205 39
1148 2141 1296 2205 habenda
1318 2142 1401 2205 ratio

251 2264 317 2306 non
341 2265 398 2306 sua
420 2243 539 2322 solum,
570 2242 624 2306 sed
648 2244 745 2307 etiam
768 2243 911 2309 aliorum.
954 2240 1109 2325 Hiiufiger
1130 2243 1164 2306 in
1188 2242 1401 2307 Infinitiv-

251 2347 379 2408 sdlzen:
402 2345 467 2409 inv.
494 2347 522 2429 1,
542 2347 584 2411 43
606 2350 661 2410 aut
683 2368 702 2409 a
724 2367 757 2409 se
780 2347 885 2429 potius
908 2365 1003 2427 quam
1026 2343 1066 2406 ab
1088 2343 1280 2407 adversariis
1303 2348 1400 2408 stare.

250 2444 343 2508 Verr.
366 2447 396 2524 3,
422 2448 463 2510 72
489 2451 608 2532 quanto
638 2451 687 2511 est
713 2447 879 2511 honestius
915 2445 1029 2509 alienis
1057 2444 1183 2508 iniuriis
1217 2467 1315 2529 quam
1345 2467 1402 2509 sua

251 2548 451 2617 commoveri.
474 2550 563 2615 acad.
588 2552 616 2633 1,
637 2549 670 2631 4,
695 2549 734 2613 16
764 2570 828 2611 ιιοιι
857 2547 1005 2611 arbitrari
1035 2568 1104 2610 sese
1127 2548 1209 2612 scire
1236 2549 1322 2631 quod
1346 2569 1401 2610 ne-

250 2648 340 2714 sciat.
386 2650 438 2715 off.
466 2653 492 2733 1,
516 2652 557 2716 38
585 2650 726 2715 deforme
757 2651 854 2713 etiam
876 2653 925 2713 est
947 2649 986 2713 de
1008 2671 1042 2714 se
1065 2651 1170 2734 ipsum
1200 2648 1398 2732 praedicare.

249 2751 359 2832 parad.
384 2752 403 2816 6
426 2757 612 2818 contentum
645 2753 710 2815 suis
740 2752 834 2815 rebus
856 2772 934 2815 esse.
960 2789 997 2798 -
1022 2751 1115 2815 Ohue
1137 2749 1317 2815 Rucksicht
1344 2751 1402 2814 auf

250 2851 306 2918 das
323 2854 583 2940 voraufgehendc
599 2853 732 2936 Subject
753 2873 826 2918 nos:
850 2874 880 2916 n.
898 2852 926 2915 d.
954 2855 982 2934 1,
1006 2853 1048 2915 44
1070 2853 1213 2916 nouerit
1235 2852 1300 2915 ista
1323 2853 1399 2915 ami-

136 3009 138 3014 .
250 2955 342 3035 uitia,
377 2957 431 3020 sed
454 2960 633 3021 mercatura
661 2954 817 3039 quaedam
849 2953 1023 3017 utilitatum
1052 2976 1188 3018 suarum.
1237 2951 1335 3017 Corn.
1359 2953 1398 3016 ad

56 3050 62 3058 ¹
250 3055 326 3122 Her.
343 3060 374 3139 4,
401 3062 428 3142 1,
451 3061 471 3121 2
493 3059 548 3122 illa
570 3057 748 3141 relinquere
771 3068 804 3121 et
827 3057 865 3119 ad
888 3077 946 3119 sua
968 3055 1125 3119 devenire.
1142 3093 1183 3102 -
1197 3055 1259 3118 Die
1274 3054 1398 3120 Stelleu

249 3181 305 3222 aus
328 3159 480 3242 Ιιιιιιιι,
503 3160 623 3224 welche
643 3158 794 3222 Kiihnast
816 3157 846 3222 S.
872 3158 913 3221 89
935 3157 1035 3240 giebt,
1060 3156 1201 3239 siudzl,
1225 3157 1279 3238 33,
1302 3159 1334 3221 3.
1369 3157 1397 3233 7,

248 3262 345 3342 41),2.
381 3258 1396 3343 9,7,822,38,.1328,21,.529,,.371132,7,11.

248 3363 417 3445 35,14,.4
453 3362 617 3445 36,12,.8
652 3363 742 3442 39,
726 3382 757 3445 ο,
780 3361 808 3427 2.
847 3359 933 3424 Seu.
956 3364 1061 3443 tranq
1088 3364 1100 3423 1
1106 3360 1290 3447 ,7ρ1ιοθι
1312 3362 1399 3424 intra

249 3463 386 3547 parietes
409 3486 481 3528 suos
504 3464 601 3526 vitam
625 3485 778 3528 coercere.

334 3565 368 3649 d)
398 3566 465 3630 Auf
495 3565 550 3628 das
590 3564 732 3649 lngische
765 3565 894 3648 Subjtec
926 3564 1013 3629 eines
1053 3553 1397 3647 unpersdnliehen

250 3666 408 3732 Verbums
438 3668 595 3751 benogen:
626 3666 691 3732 Cio.
722 3666 813 3732 Verr.
842 3670 905 3730 act.
934 3665 961 3748 I,
991 3666 1039 3747 12,
1069 3667 1111 3730 35
1145 3670 1221 3730 suut
1248 3665 1398 3731 homines

249 3759 327 3850 quos
351 3768 494 3833 libidinis
522 3769 736 3852 infamiaeque
759 3790 833 3832 suae
864 3788 966 3850 neque
988 3767 1108 3849 pudeat
1131 3790 1233 3851 neque
1255 3770 1395 3833 taedeat.

247 3891 277 3952 p.
301 3870 383 3934 Sest.
407 3872 445 3934 31
477 3871 528 3933 cui
554 3871 694 3934 fructum
721 3869 851 3953 pietatis
874 3889 948 3932 suae
977 3889 1079 3951 neque
1108 3891 1146 3931 ex
1175 3891 1226 3932 me
1251 3892 1355 3954 neque
1379 3893 1399 3934 a

248 3992 322 4054 pop.
346 3972 437 4036 Rom.
462 3973 544 4036 ferre
565 3972 666 4035 licuit.
702 3971 755 4033 off.
779 3972 809 4052 3,
832 3972 873 4034 23
896 3971 935 4047 ei,
958 3972 1046 4031 cuius
1069 3965 1171 4053 magis
1194 3970 1325 4034 intersit
1346 3972 1397 4035 vel

247 4093 304 4136 sua
326 4075 375 4137 vel
405 4074 483 4158 reip.
510 4095 604 4137 causa
626 4072 741 4135 vivere.
787 4072 880 4135 Tusc.
903 4072 935 4154 5,
963 4069 1000 4132 18
1024 4091 1126 4153 neque
1155 4093 1225 4135 eam
1254 4095 1398 4157 unquam
