2948 5048
726 85 1025 153 -210-,

266 237 411 318 quidem,
439 237 493 301 sed
523 238 667 320 sequitur
693 241 819 301 tamen:
854 238 954 302 videri
989 235 1101 317 (Sinm
1124 237 1192 301 dies
1220 237 1264 301 ist
1287 237 1410 302 freilieh

266 339 323 403 das
352 340 455 416 beste;
483 338 539 402 das
568 339 724 403 auuicbst
745 340 844 417 Gula,
879 339 1079 423 wenngleich
1107 340 1183 403 weit
1210 339 1319 404 daron
1346 344 1409 403 ent

264 440 353 504 fernt
374 442 432 524 ist,
462 463 497 504 es
519 463 558 505 zu
580 440 742 525 scheinen,
764 441 860 506 m‘irnl.
883 441 936 504 ein
958 440 1131 505 virbonus
1153 463 1193 504 zu
1209 442 1306 521 sein).
1328 439 1408 504 Plin

264 542 367 625 ep.2,
392 544 442 623 17,
465 543 644 624 23solem,
677 563 771 625 quem
794 579 833 588 -
856 540 1020 624 obliquum
1043 540 1188 624 quidem,
1218 542 1277 605 sed
1304 546 1408 606 tamen

263 648 379 707 servat
401 665 477 726 pau.
501 645 540 708 87
565 644 681 728 dignus
703 665 748 726 es,
772 642 901 726 Caesar,
924 644 980 726 qui
1003 643 1187 727 petentibus
1211 644 1407 707 vacationem

263 744 384 809 inritus
405 745 551 828 quidem,
578 745 632 809 sed
654 749 763 810 tamen
784 745 917 809 tribuas.
962 745 1015 823 31,
1036 745 1067 809 2.
1096 744 1149 826 88,
1172 745 1203 808 2.
1232 767 1283 828 ep.
1310 747 1337 822 1,
1362 745 1408 825 18,

262 848 293 910 6.
316 847 347 929 3,
372 847 421 928 11,
444 847 474 910 9.
518 847 613 911 Ohue
635 849 776 928 ᾳιιὶᾱαιι,
809 847 870 910 wie
891 847 974 911 oben
996 846 1049 910 bei
1070 843 1202 911 Cicero:
1231 868 1283 930 ep.
1306 847 1338 928 9,
1359 846 1407 922 25,

262 947 284 1011 3
305 969 393 1012 nunc
414 969 466 1011 me
487 969 593 1012 rerum
614 952 705 1013 actus
728 948 863 1029 modice,
896 948 951 1012 sed
973 952 1081 1011 tamen
1104 946 1284 1030 distringit.
1307 985 1350 993 -
1371 947 1406 1009 In

263 1048 520 1132 steigernder
542 1048 667 1134 Frage
689 1071 751 1114 nur
771 1037 855 1113 Ptin.
878 1071 953 1132 pau.
968 1050 1011 1113 56
1033 1047 1241 1132 magnificum
1265 1051 1316 1111 est
1337 1049 1407 1112 civi·

263 1149 322 1213 bus
344 1151 423 1232 iura,
445 1151 524 1231 quid
543 1149 689 1214 hostibus
710 1149 866 1230 reddere?
892 1151 1073 1234 speciosum
1100 1152 1221 1214 certam
1252 1149 1314 1212 fori
1342 1171 1408 1232 per-

262 1254 341 1329 tem,
369 1253 448 1333 pald
476 1251 630 1315 immanes
658 1273 789 1335 campos
817 1251 896 1315 sella
918 1251 1021 1317 curuli
1049 1250 1244 1334 victorisque
1274 1250 1408 1334 vestigio

261 1352 427 1436 premere?
465 1353 500 1438 (i
528 1374 555 1417 e.
582 1353 718 1438 magnif.
748 1357 798 1417 est
824 1354 884 1418 civ.
910 1353 982 1417 iura
1008 1352 1154 1434 reddere,
1188 1351 1265 1434 quid
1297 1372 1406 1416 censes

261 1452 431 1517 hostibus?
454 1474 562 1518 noune
584 1454 844 1539 magnificentius
866 1455 952 1536 est‘l)

347 1554 378 1619 b.
401 1553 527 1619 Nicbt
554 1560 831 1639 congruentes
852 1554 1112 1618 Verhfiltniss
1141 1554 1175 1617 iu
1203 1553 1412 1637 elliptisebeu

263 1654 595 1741 Bedingungssttzen,
618 1657 764 1741 hiufiger
784 1657 820 1719 in
842 1655 1098 1719 Relatirsiitzen:
1133 1653 1201 1718 cic.
1226 1653 1291 1718 div.
1314 1656 1345 1732 2,
1370 1655 1406 1718 18

260 1762 317 1821 aut
338 1758 439 1841 igitur
461 1779 527 1822 nou
548 1758 616 1821 tato
638 1758 763 1821 interiit
784 1757 956 1840 exercitus,
990 1756 1108 1821 mutari
1136 1755 1223 1820 enim
1252 1755 1324 1819 fata
1345 1776 1418 1819 non

259 1864 412 1943 possunt,
447 1864 514 1943 aut,
545 1861 575 1924 si
604 1858 674 1938 foto
704 1896 742 1906 —
773 1860 870 1923 etiam
903 1860 931 1922 si
962 1857 1216 1940 obtemperasset
1248 1857 1422 1940 auspiciis,

260 1961 345 2024 idem
367 1965 554 2025 eventurum
576 1959 700 2024 fuisset
749 1959 838 2024 Aber
859 1959 953 2023 lreine
975 1958 1114 2042 Ellipse,
1138 1957 1282 2023 sondern
1311 1957 1425 2023 Cou-

259 2063 440 2126 traction
463 2062 543 2146 liegt
564 2061 599 2124 in
621 2060 749 2143 Siitzeu,
776 2061 836 2124 wie
864 2060 929 2126 cic.
951 2059 1039 2127 Lael.
1058 2061 1081 2122 2
1102 2060 1130 2123 si
1152 2060 1335 2143 quisquam,
1357 2060 1430 2123 ille

260 2162 389 2245 sapiens
417 2163 487 2227 fuit
519 2198 562 2209 —-
589 2161 628 2225 In
655 2160 977 2225 Relativsttaen:
1005 2164 1089 2245 post
1120 2162 1188 2225 red.
1215 2162 1249 2224 iu
1278 2183 1347 2225 seu.
1372 2161 1431 2224 ll)

259 2267 297 2327 ut
317 2264 452 2329 baberet
473 2285 586 2328 omnes
607 2262 755 2327 Metellos
777 2284 879 2347 paene
907 2284 946 2326 ex
968 2261 1154 2326 Acheronte
1177 2262 1347 2344 excitatos,
1376 2265 1430 2326 ist

259 2367 373 2446 quaem
394 2364 599 2429 Numidicum
620 2364 720 2428 illum.
764 2364 856 2428 Orid.
879 2386 920 2429 m.
946 2364 995 2439 13,
1022 2363 1085 2426 164
1105 2363 1278 2448 deceperat
1298 2385 1426 2428 omnes

259 2467 293 2530 in
320 2466 437 2549 quibus
464 2465 613 2546 Aiacem,
642 2469 786 2548 sumptae
818 2464 946 2529 fallacia
974 2465 1082 2528 vestis.
1132 2464 1218 2529 Vell.
1250 2468 1280 2547 1,
1312 2467 1362 2544 17,
1390 2467 1426 2528 f»

260 2566 355 2632 huius
377 2567 596 2631 similitudinis
618 2588 729 2630 causas
758 2588 830 2631 cum
851 2587 977 2650 semper
998 2568 1143 2649 requiro,
1172 2587 1341 2649 uunquam
1363 2589 1425 2630 rc*

259 2668 348 2750 perio
369 2689 449 2751 quas
470 2657 652 2732 assereres
680 2667 852 2749 confidam,
885 2669 940 2731 sed
968 2668 1106 2732 fortasse
1127 2667 1322 2732 verisimiles
1352 2672 1418 2752 (sc.

259 2770 408 2854 reperio),
431 2772 514 2834 inter
535 2789 616 2851 qums
637 2769 695 2831 has
718 2769 866 2833 maxime.
910 2767 997 2832 Suet
1014 2768 1086 2836 Oct.
1101 2768 1144 2832 29
1163 2768 1296 2852 publiea
1310 2790 1422 2852 opera

257 2871 395 2955 plurime
415 2873 586 2949 exstruxit,
613 2891 652 2936 cr
679 2872 793 2951 ᾳιιῶιιε
820 2870 870 2934 vel
892 2871 1065 2954 praecipua
1092 2870 1197 2934 forum
1226 2891 1301 2934 cum
1332 2871 1422 2935 aede

258 2972 370 3037 lllartis
396 2977 454 3038 ott.
506 2972 599 3036 Caes.
621 2972 664 3035 50
696 2971 834 3036 feminas
861 2971 1057 3055 corrupisse,
1084 2970 1120 3034 in
1148 2970 1266 3054 quibus
1294 2971 1420 3037 Postu-

256 3075 355 3138 miam
376 3078 433 3137 ott
467 3074 509 3137 52
530 3073 642 3137 dilexit
663 3075 697 3136 et
718 3072 865 3157 reginas,
886 3073 1066 3156 intorques
1081 3072 1229 3136 Eunoen.
1268 3094 1417 3157 gramm.

259 3176 299 3238 10
325 3175 527 3258 praecepisse
553 3179 660 3239 autem
687 3174 796 3237 multis
823 3212 865 3221 —
892 3174 926 3253 in
955 3173 1072 3257 quibus
1094 3173 1202 3255 Appio
1223 3195 1356 3257 quoque
1379 3180 1423 3239 et

256 3276 397 3339 Pulchro
425 3275 577 3340 Claudiis
625 3274 701 3339 Tac.
724 3274 756 3338 h.
781 3277 809 3353 1,
831 3275 873 3339 88
899 3274 1017 3338 multos
1046 3313 1086 3321 —
1115 3295 1223 3337 secum
1254 3276 1416 3357 expedire

255 3376 360 3457 iubet,
394 3377 429 3440 in
450 3377 523 3460 quis
544 3380 578 3440 et
599 3376 636 3439 L.
658 3374 834 3439 Vitellium.
884 3375 1029 3440 Selteuer
1056 3374 1121 3438 und
1151 3374 1237 3437 wohl
1268 3397 1334 3439 nur
1357 3377 1416 3441 bei

255 3477 540 3542 naehlrtassiscbeu
556 3476 809 3540 Sebriststellern
831 3477 876 3540 ist
896 3476 967 3540 hier
988 3476 1045 3540 der
1066 3474 1248 3559 elliptisohe
1265 3475 1418 3542 Relatis·

255 3584 323 3642 sata
354 3579 396 3642 in
426 3579 499 3642 den
525 3578 748 3661 Hauptsatz
782 3599 826 3641 so
858 3576 1174 3661 sing-eschobeu,
1209 3576 1307 3641 dass
1338 3579 1419 3644 das

254 3679 422 3744 Verbum
443 3680 563 3764 folgt:
591 3678 660 3742 Liv.
682 3678 734 3759 29,
756 3680 798 3741 25
825 3678 964 3762 quinque
987 3682 1021 3741 et
1041 3677 1258 3761 quadraginta
1280 3679 1419 3745 dierum

256 3781 388 3862 cibaria,
410 3803 428 3845 e
451 3781 566 3863 quibus
587 3778 771 3863 quindecim
793 3779 918 3843 dierum
938 3783 1040 3861 coctu
1062 3778 1224 3862 imposita
1270 3779 1361 3846 Vell.
1378 3784 1417 3863 2,

259 3882 308 3964 19,
338 3884 353 3943 l
388 3886 535 3946 auctores
567 3902 723 3945 novarum
755 3880 1026 3964 pessimarumque
1051 3901 1174 3962 rerum,
1205 3881 1295 3945 inter
1326 3903 1419 3967 quos

254 3975 392 4045 Marium
424 4004 498 4046 cum
518 3982 588 4045 lilio
618 3986 652 4045 et
681 3980 717 4048 P.
741 3980 898 4064 Sulpicio,
928 3981 1008 4044 urbe
1028 3981 1222 4045 exturbavit
1272 3982 1353 4047 Tac.
1375 3984 1415 4048 h.

252 4084 286 4164 4,
319 4085 358 4146 'll
393 4082 610 4145 nobilissimos
639 4081 826 4165 Belgarum,
860 4084 894 4146 in
926 4083 998 4165 quis
1030 4081 1143 4146 ducem
1178 4081 1411 4165 Valentinum,

253 4185 348 4262 oepit.
386 4221 424 4230 —
459 4183 497 4246 lu
533 4182 605 4244 (lem
637 4183 967 4266 naobfolgeuden
995 4182 1249 4266 Hauptsatae
1277 4187 1323 4251 ist
1350 4188 1410 4250 dus
