2926 5070
719 326 863 390 -258
910 363 946 372 —

343 482 372 559 ξ.
399 478 467 543 130.
490 474 908 561 DieVerwechselung
930 477 993 541 des
1016 476 1292 543 historischen
1315 478 1408 542 Per·

257 579 360 643 fects
382 578 458 642 und
483 578 548 642 des
570 577 962 662 Plusquamperfects
988 579 1112 642 kommt
1133 579 1236 643 selten
1260 601 1317 644 vor
1338 581 1406 644 und

258 680 374 744 beruht
401 681 515 744 immer
549 680 606 743 auf
637 680 726 742 einer
758 679 968 744 vertuderten
1003 679 1205 763 Anffassung
1237 681 1292 745 des
1322 681 1407 746 Zeit

261 781 498 845 verhitltnisses.

343 883 383 945 A.
421 882 582 948 Perfert
616 886 715 946 statt
749 882 817 946 des
850 881 1264 967 Plusquemperfects:
1296 886 1405 951 ans.

257 986 288 1049 b.
314 1005 340 1048 c.
363 983 500 1067 3,18,5
523 983 607 1048 bello
628 984 772 1067 perfeeto
795 983 835 1047 ab
857 984 897 1048 iis
913 983 1031 1049 ansar
1047 983 1125 1049 haec
1140 986 1226 1049 facta
1242 988 1404 1070 cognovit,

257 1087 312 1170 qui
328 1087 466 1150 sermoni
482 1087 693 1166 iuterfuerunt
714 1087 769 1169 (=
784 1085 1019 1170 interfuerant).
1057 1108 1107 1169 cp.
1124 1087 1175 1166 66,
1191 1087 1211 1150 2
1227 1093 1404 1153 castrorum

256 1186 309 1252 hic
339 1189 419 1251 situs
453 1190 528 1251 erat.
573 1185 795 1270 Superioribus
824 1187 934 1250 diebus
962 1208 1047 1251 nona
1075 1186 1220 1253 Caesaris
1247 1190 1335 1273 legio
1367 1180 1428 1239 -’

257 1292 363 1352 castra
402 1309 438 1352 eo
478 1289 547 1352 loco
575 1290 691 1370 posuit.
741 1286 793 1372 (In
828 1289 883 1351 der
917 1287 1159 1372 Be'schreibung
1197 1289 1252 1355 des
1284 1289 1404 1374 Lageas

258 1393 406 1454 erwartet
427 1412 517 1454 man:
546 1389 721 1474 posuerat.)
758 1392 786 1468 §-
810 1388 831 1451 4
852 1389 948 1471 paulo
971 1389 1056 1452 ultra
1077 1411 1150 1454 eum
1172 1391 1276 1456 locum
1300 1397 1405 1457 castra

259 1491 436 1555 transtulit.
458 1528 499 1538 —
522 1489 616 1555 Sall.
641 1490 710 1555 cat.
736 1491 785 1573 17,
808 1490 828 1552 2
850 1490 905 1554 ubi
927 1491 1006 1554 satis
1030 1491 1194 1575 explorata
1214 1496 1300 1575 sunt,
1324 1516 1405 1577 quae

260 1595 358 1659 uoluit
379 1593 415 1678 (i.
438 1614 468 1656 e.
491 1591 650 1676 explorari
672 1590 837 1671 voluerat).

343 1695 412 1758 Liv.
446 1696 474 1776 l,
502 1696 514 1756 l
539 1694 615 1778 qnia
643 1694 732 1777 pacis
758 1731 793 1740 —
819 1715 945 1777 semper
966 1698 1111 1759 auctores
1137 1696 1285 1779 fumaret,
1313 1718 1407 1762 omne

261 1797 309 1861 ius
332 1795 408 1859 belli
424 1794 566 1859 Achivos
588 1795 793 1859 abstinuisse.
831 1783 892 1878 2,]
919 1819 993 1860 nam
1016 1796 1138 1880 priores
1153 1797 1199 1860 ita
1220 1805 1407 1881 repuarurrt,

259 1901 295 1962 ut
317 1934 358 1945 -
386 1900 596 1961 numerentur
623 1896 756 1981 (vorsus
782 1896 861 1980 geht
884 1897 1019 1980 jedoch:
1048 1898 1195 1984 fecerat).
1238 1900 1269 1981 2,
1291 1900 1343 1978 30,
1369 1902 1409 1965 15

165 1984 169 1992 ¹
259 2000 369 2085 paucis
392 1999 469 2063 data
498 1997 605 2080 venia,
634 1998 688 2080 qui
717 1998 854 2061 inermes
876 1998 909 2061 in
939 1998 1132 2063 deditionem
1155 2006 1317 2066 ammaus.
1355 2001 1409 2084 23,

261 2101 310 2184 16,
334 2102 355 2165 2
378 2100 514 2165 Romam
538 2099 624 2162 enim
651 2119 761 2162 rursus
784 2121 803 2161 a
825 2097 964 2163 Nuceria
985 2102 1080 2165 mouit
1101 2105 1207 2165 castra
1228 2101 1345 2187 (Sinn2
1374 2123 1410 2166 er

258 2224 336 2265 war
363 2196 558 2266 inawischeu
586 2200 797 2292 abgezogen).
841 2201 892 2284 23,
917 2200 965 2283 19,
992 2201 1028 2263 17
1053 2223 1092 2265 ex
1120 2202 1309 2287 quingentis
1337 2225 1407 2287 sep

259 2304 423 2388 tuag‘inta,
454 2303 508 2387 qui
536 2303 571 2365 in
600 2301 757 2385 praesidio
782 2301 928 2383 fueraut,
955 2304 1062 2365 minus
1091 2302 1256 2367 dimidium
1285 2304 1408 2368 ferrum

259 2406 423 2488 famesque
457 2404 645 2486 absumpsit.
694 2403 746 2484 24,
773 2402 821 2484 16,
848 2403 886 2466 19
921 2403 1044 2466 curavit
1076 2403 1308 2488 dedicavitque.
1356 2408 1409 2485 25,

258 2506 310 2583 29,
332 2508 353 2569 9
375 2527 516 2590 quosque
538 2505 605 2568 fors
628 2505 752 2584 obtulit,
782 2503 858 2567 irati
880 2504 1078 2569 interfecere.
1115 2505 1167 2585 29,
1190 2506 1242 2589 23,
1264 2507 1286 2569 2
1310 2508 1411 2572 credi·

261 2609 386 2672 derunt.
420 2607 472 2688 30,
499 2606 548 2690 16,
570 2607 602 2669 2.

344 2708 429 2771 Tac.
463 2707 538 2770 hist.
576 2706 665 2788 1‚53
693 2706 833 2772 Caecina
862 2746 900 2754 —
929 2707 1034 2771 studia
1062 2708 1200 2772 militum
1235 2708 1409 2795 inlexerat3

260 2810 344 2873 hunc
368 2799 515 2872 iuvenem
538 2808 641 2871 Galba
666 2847 701 2856 -
726 2809 845 2893 legioni
861 2812 1061 2893 praeposuit,
1092 2831 1165 2874 mox
1191 2849 1227 2857 -—
1255 2815 1294 2875 ut
1315 2833 1409 2895 peca-

258 2911 393 2976 latorem
415 2909 557 2993 flagitari
580 2912 678 2974 iussit.
717 2932 792 2974 ann.
819 2911 845 2988 1,
869 2911 910 2973 53
933 2910 1130 2994 litteraeque,
1154 2934 1233 2996 quas
1254 2911 1347 2977 Julia
1369 2952 1408 2961 —

257 3014 398 3096 scripsit,
442 3033 461 3075 a
495 3010 639 3076 Graccho
674 3012 867 3094 compositae
901 3012 1122 3075 credebantur.
1180 3011 1283 3100 [Aber
1314 3015 1346 3098 2,
1368 3015 1408 3079 62

261 3114 426 3180 transtulit
452 3114 496 3176 ist
521 3113 556 3177 in
579 3113 636 3176 das
657 3112 909 3196 Plusqaamperf.
939 3136 976 3176 zu
1009 3113 1201 3197 veriindern,
1237 3116 1299 3180 wie
1327 3116 1406 3180 auch

255 3217 339 3299 jetzt
361 3216 532 3302 allgemein
553 3214 683 3300 gelesen
706 3212 807 3301 wird.]
845 3214 875 3296 6,
892 3215 929 3278 31
956 3214 1129 3298 avidusque
1152 3217 1335 3299 Armeniae,
1359 3218 1406 3281 cui

259 3319 409 3382 defuncto
432 3339 506 3402 rege
530 3316 664 3380 Artaxia
690 3317 834 3380 Arsacen
857 3317 1028 3380 liberorum
1051 3338 1178 3380 sucrum
1201 3321 1405 3383 veterrimum

259 3421 415 3502 imposuit.
463 3421 510 3496 11,
534 3418 554 3481 9
583 3418 692 3482 foedus
720 3421 851 3501 repente
885 3417 1009 3481 faciunt
1037 3418 1174 3502 cognitis
1202 3419 1406 3502 popularium

259 3521 398 3600 insidiis,
433 3541 510 3604 quas
541 3519 693 3583 Gotarzes
725 3517 818 3582 fratri
842 3520 998 3602 patefecit.
1037 3520 1101 3602 [12,
1124 3519 1162 3584 31
1194 3520 1319 3604 besser,
1349 3524 1408 3588 wie

261 3645 333 3685 man
352 3623 435 3706 jetzt
456 3621 544 3685 liest:
567 3620 776 3704 restiterant]
818 3621 867 3702 16,
884 3620 926 3684 23
947 3625 981 3685 at
1003 3620 1137 3684 Baream
1160 3619 1321 3687 Soranum
1343 3624 1409 3689 iam

260 3723 320 3787 sibi
343 3722 491 3787 Ostorius
514 3760 555 3769 -
582 3725 771 3805 poposcerat
796 3743 885 3785 reum
913 3742 950 3785 ex
979 3721 1207 3804 proconsulatu
1231 3723 1347 3804 Asiae,
1375 3727 1411 3791 in

259 3846 322 3908 qua
352 3823 541 3888 offensiones
576 3823 731 3906 principis
764 3825 857 3888 aucit
885 3823 1009 3887 iustitia
1036 3827 1131 3906 atque
1164 3823 1338 3891 industria.
1368 3865 1412 3877 —-

259 3924 358 4017 Beide
380 3925 538 4010 Tempora
559 3924 672 3989 stehen
695 3924 843 4008 parallel:
869 3925 917 4007 16,
937 3925 975 3988 21
1000 3925 1224 3989 accedentibus
1247 3927 1354 3991 causis
1377 3931 1412 3995 in

259 4026 451 4109 Thraseam,
480 4026 563 4111 quod
591 4030 704 4091 senatu
734 4046 872 4109 opressus
893 4032 952 4109 est,
985 4049 1055 4090 cum
1084 4028 1123 4090 de
1147 4028 1334 4112 Agrippina
1363 4052 1414 4096 re·

259 4129 409 4206 serretur,
446 4133 482 4191 ut
509 4130 695 4205 memoravi,
724 4129 870 4214 quodque
885 4128 1104 4193 *Juvenalium
1137 4128 1261 4193 ludicro
1296 4153 1414 4214 parum

259 4229 465 4313 spectabilem
482 4251 610 4314 operam
629 4230 831 4312 praebuerat.
866 4231 934 4293 Auf
947 4230 1017 4293 dem
1034 4234 1140 4294 ersten
1158 4228 1314 4315 Tempus,
1339 4233 1414 4300 dem

259 4330 406 4413 Perfect,
430 4330 510 4414 liegt
531 4331 617 4394 wohl
640 4331 692 4394 ein
714 4336 876 4415 grdsserer
898 4330 1100 4395 Nachdruck.

344 4431 450 4495 Ueber
477 4431 585 4494 diesen
615 4431 782 4495 Gebrauch
811 4433 865 4496 des
893 4432 1051 4514 Perfecta,
1085 4433 1141 4496 der
1170 4454 1228 4496 aus
1257 4434 1318 4499 der
1342 4459 1414 4502 vor·
