3000 5064
540 356 545 363 ‚
661 280 888 345 -314-

169 452 171 459 '
200 434 349 498 amittat.v
390 432 460 497 Viel
487 431 634 518 hiiufiger
661 433 711 497 bei
739 433 1012 517 voraufgehender
1033 432 1265 516 Fiualpartikel
1285 430 1460 516 (Nat

200 535 276 600 oder
298 538 361 619 ae).
406 533 489 600 Seu.
513 535 560 599 ira
581 535 613 617 3,
631 535 696 617 7,2
717 556 777 598 nec
798 556 915 619 parvae
937 535 1004 600 sint
1024 556 1086 599 nec
1109 536 1253 600 audaces.
1289 555 1462 621 essep.

199 639 285 720 96,3
307 658 408 720 neque
430 636 475 699 dii
497 635 691 720 nequedeae
713 638 834 702 saciant
856 642 965 704 utctt.
1005 638 1075 714 103,
1093 637 1125 701 4.
1163 636 1365 702 Tacdiss
1383 635 1462 708 inl.

203 741 240 804 13
263 761 322 803 nec
343 776 385 786 —
408 738 563 822 experiar,
585 760 652 802 non
674 762 725 804 me
746 739 893 805 fremitus
916 776 955 787 —
980 739 1101 804 excitet
1123 760 1184 804 nec
1206 776 1246 788 -
1269 745 1463 813 seneri-

202 842 275 906 bam
298 862 358 905 nec
383 877 420 887 -
444 840 588 908 habeam.
626 837 740 906 ibid:
771 841 1002 916 necfconsulat
1023 841 1194 926 quisquam
1214 863 1273 906 neo
1293 863 1460 911 r›·1ro·

200 946 264 1027 get.
309 945 351 1007 32
380 942 627 1026 necquicquam
650 942 851 1026 respondeat.
903 941 978 1011 hist.
999 942 1029 1022 2,
1055 943 1095 1007 76
1124 964 1186 1007 nec
1207 945 1457 1026 speciosam

201 1045 362 1109 adulantis
378 1044 553 1127 expaveris.
590 1065 664 1109 ann.
691 1046 776 1127 1,43
799 1065 902 1128 neque
918 1045 1006 1110 enim
1021 1045 1066 1109 dii
1082 1045 1205 1110 sinant.
1241 1044 1320 1109 Pli:
1366 1046 1454 1119 En.

200 1169 250 1229 ep.
274 1147 304 1226 8,
320 1148 373 1227 24,
389 1147 420 1210 6.
443 1146 473 1227 2,
488 1146 555 1229 2,2
577 1145 656 1210 illud
678 1146 764 1211 enim
787 1168 847 1211 nec
869 1146 913 1210 dii
935 1147 1046 1211 sinant
1068 1153 1105 1211 ut
1128 1151 1186 1212 ott.
1229 1148 1257 1210 Α
1265 1152 1450 1231 pusud.

200 1271 242 1311 m.
265 1249 295 1326 5,
318 1250 339 1312 6
361 1269 464 1331 neque
487 1247 693 1331 respondeas,
717 1247 814 1311 immo
836 1269 896 1313 nec
919 1248 1097 1332 prospicias
1119 1250 1260 1317 omnino.
1301 1250 1358 1312 ἰ
1413 1252 1449 1317 25

200 1370 260 1413 nec
281 1349 430 1432 perimas.
483 1350 514 1431 6,
541 1350 579 1413 12
606 1371 708 1433 neque
736 1353 772 1414 tu
796 1388 832 1397 —
857 1348 982 1433 polluas
1011 1372 1072 1415 neo
1099 1372 1176 1415 vero
1197 1389 1239 1399 —
1260 1351 1446 1417 fer-:ras

199 1451 330 1519 aditum.
388 1452 416 1528 7,
439 1451 460 1514 4
488 1473 547 1516 nec
577 1473 626 1515 me
655 1442 773 1535 putetis
796 1472 943 1536 egenum.
1000 1451 1109 1516 Laot.
1132 1454 1164 1533 ὀ,
1189 1453 1219 1535 8,
1243 1454 1443 1520 Tunes

199 1591 241 1601 -
264 1552 461 1617 existimetis.
506 1553 633 1636 Lampr.
658 1553 711 1618 Al.
728 1552 800 1618 Ser.
816 1553 859 1617 60
881 1553 988 1632 vadas,
1012 1575 1139 1617 neo-
1162 1576 1270 1638 speres
1285 1575 1442 1618 nnec

198 1660 230 1718 te
245 1693 287 1702 —
303 1654 421 1719 credas.
455 1655 592 1719 Trebell.
615 1654 759 1723 Valens)
781 1676 840 1719 nec
855 1656 987 1723 fortuna
1009 1658 1041 1718 te
1064 1655 1165 1720 inflet.
1192 1695 1230 1704 -
1253 1652 1440 1721 Meflhr

198 1756 449 1823 Dichterstellen
477 1757 566 1842 giebt
593 1755 709 1820 Hand
737 1755 829 1820 Tura.
861 1756 935 1822 48.
962 1757 1140 1821 119-122.
1192 1757 1252 1822 Die
1273 1758 1331 1822 L·
1343 1776 1437 1818 mes

134 1862 140 1884 ¹
198 1864 290 1925 arten
313 1858 384 1924 sind
407 1859 457 1922 oft
479 1840 637 1937 uusiclner,
661 1858 711 1923 oft
725 1858 931 1923 entechieden
948 1857 1063 1935 falsch,
1089 1860 1287 1944 wenigstens
1404 1854 1430 1919 in

198 1964 322 2027 alteren
346 1961 532 2045 Ausgaben.

283 2063 318 2129 Ο.
363 2062 536 2127 Verstiirkt
560 2062 638 2126 wird
665 2062 721 2126 der
743 2061 959 2127 Wunschsotz
982 2060 1084 2126 durch
1107 2062 1159 2127 die
1182 2055 1423 2129 Partica-dn

198 2172 241 2248 at,
264 2168 400 2247 atinum,
423 2167 491 2230 osi
518 2165 578 2228 mit
606 2164 678 2228 dem
707 2162 893 2227 bekannten
914 2161 1149 2228 Unterschiede
1178 2164 1234 2228 der
1255 2164 1420 2228 Teff-m·

198 2288 277 2354 pora
306 2267 358 2332 fur
380 2267 441 2330 den
464 2265 633 2331 Ausdruek
661 2264 718 2329 der
740 2263 952 2347 Moglichkeit
979 2265 1043 2328 und
1072 2264 1129 2329 der
1150 2253 1418 2331 Niehlwial·

198 2369 342 2433 lichkeit.

283 2492 311 2534 a.
334 2475 370 2535 ut
391 2470 434 2533 ist
461 2469 494 2532 in
517 2467 627 2533 diesen
649 2467 767 2533 Siitzen
790 2466 1018 2533 archaistisch:
1047 2468 1127 2532 Cato
1151 2491 1176 2534 r.
1204 2491 1230 2533 r.
1254 2492 1302 2553 cp.
1392 2450 1425 2563 ‘l

199 2573 244 2636 uti
268 2593 304 2636 eo
328 2593 399 2636 oum
421 2571 575 2649 introeaS,
598 2569 834 2654 circumspicias
857 2571 913 2634 ott.
963 2567 1061 2634 Ibid.:
1084 2570 1132 2635 uti
1156 2571 1239 2636 bene
1264 2553 1430 2636 aeth·

199 2675 327 2738 fieatum
350 2673 420 2736 siet.
465 2671 634 2756 2reliqua
656 2694 737 2757 quae
760 2671 858 2753 sient,
890 2675 926 2736 ut
947 2676 1165 2754 compareant.
1213 2672 1248 2739 si
1271 2642 1432 2758 quid

199 2775 282 2838 (lesit
296 2775 329 2837 in
346 2795 476 2854 annum,
500 2773 545 2837 uti
568 2779 712 2858 paretur3
735 2795 816 2858 quae
831 2773 1002 2856 supersint,
1025 2773 1072 2838 uti
1095 2777 1256 2858 veneant3
1279 2743 1433 2840 uu1⁶l

199 2872 235 2939 so
257 2876 350 2939 iilter.
394 2874 498 2939 Plaut.
523 2883 606 2960 capt.
632 2879 662 2957 1,
685 2877 714 2957 2,
737 2876 757 2939 6
782 2874 838 2940 sed
860 2874 907 2940 uti
930 2874 1150 2940 adserventur.
1198 2876 1273 2942 Ter.
1287 2848 1417 2941 Ml
1429 2890 1435 2905 ’

98 3059 100 3061 ι
152 2976 156 2982 ’
199 2980 229 3058 2,
252 2978 284 3059 4,
311 2977 349 3041 16
377 2980 411 3041 at
434 2981 470 3040 ut
492 2998 586 3041 omne
609 2976 729 3041 reddat.
782 2977 821 3040 In
844 2976 1114 3059 wohlgemeinten
1138 2977 1342 3044 Wssnsclren
1430 2963 1437 3002 ²

200 3080 303 3145 Plaut.
327 3078 425 3143 Poen.
448 3080 477 3157 4,
494 3080 523 3157 2,
540 3079 582 3143 90
603 3079 711 3143 valeas
734 3080 878 3162 beneque
899 3080 935 3141 ut
957 3079 1003 3143 sit
1023 3078 1098 3142 tibi!
1136 3077 1233 3149 Eheu
1256 3102 1293 3145 so
1315 3062 1439 3143 iifl1

200 3180 600 3265 Verwiinschungen:
624 3181 787 3265 Aquilius:
813 3184 849 3245 ut
871 3179 961 3243 illum
984 3178 1015 3243 di
1037 3180 1192 3262 perdenti
1229 3178 1339 3248 (laecil
1399 3186 1444 3277 ζ

198 3283 336 3349 Statius:
359 3285 395 3346 ut
416 3286 448 3346 te
471 3282 503 3345 di
526 3304 636 3347 omnes
657 3282 870 3347 infelicitentl
925 3281 998 3347 Ter.
1023 3280 1107 3345 Eun.
1131 3282 1162 3360 2,
1187 3284 1217 3362 3,
1245 3286 1281 3346 11
1311 3284 1339 3346 ut
1414 3276 1446 3304 ‘⁴

199 3371 298 3449 illnm'
310 3385 341 3448 di
364 3384 502 3468 deaeque
525 3383 649 3448 senium
672 3384 823 3467 perdant!
870 3382 987 3447 Heaut.
1010 3383 1041 3460 4,
1065 3385 1093 3461 6,
1119 3387 1139 3446 6
1162 3387 1201 3448 ut
1223 3389 1258 3448 te
1279 3384 1337 3469 qui·
1442 3368 1455 3460 ἲ

199 3486 271 3550 dem
303 3487 335 3550 di
363 3486 500 3570 deaeque
531 3507 641 3551 omnes
674 3523 709 3532 -
739 3485 904 3569 perduint!
960 3483 999 3548 ln
1027 3484 1084 3548 der
1107 3485 1338 3571 Aufforderung

198 3589 258 3652 mit
279 3596 384 3653 modo:
406 3587 478 3652 Ter.
502 3586 630 3652 Phorm.
656 3590 683 3664 1,
699 3588 766 3666 2,9
788 3587 883 3651 modo
907 3589 942 3650 ut
964 3590 1070 3651 tacere
1093 3588 1209 3669 possis.
1254 3587 1339 3653 Mehr

199 3690 289 3775 giebt
314 3688 430 3753 Holtae
454 3689 493 3772 ll,
523 3690 554 3754 S.
584 3691 639 3753 161
663 3690 718 3773 fg..
747 3727 783 3735 -—
821 3687 860 3752 In
888 3656 944 3751 dir
970 3688 1173 3752 klassischen
1201 3687 1336 3773 Sprache

200 3789 442 3854 versohwinden
465 3790 575 3855 solohe
596 3791 698 3872 Saue,
722 3788 909 3855 ersoheinen
933 3790 1009 3854 aber
1031 3790 1148 3854 wieder
1172 3790 1224 3855 bei
1247 3789 1341 3855 Dich-

199 3896 272 3957 tern
294 3892 359 3956 und
382 3893 425 3955 irn
448 3891 646 3976 Spdtlalein,
669 3892 729 3957 wie
758 3892 856 3957 Ovid
880 3891 948 3956 her.
975 3892 1025 3972 13,
1051 3892 1110 3955 161
1134 3893 1219 3976 quod
1244 3897 1281 3957 ut
1301 3894 1339 3956 vi·

137 4019 141 4025 ·
200 3993 292 4058 deam
315 3995 403 4058 canis
426 3994 532 4059 albere
555 3993 689 4077 capillis.
735 3992 849 4076 Apul.
873 3994 957 4077 apol.
975 4015 1024 4076 cp.
1040 3993 1082 4057 46
1105 3996 1142 4056 ut
1156 3993 1339 4077 producant.

284 4096 314 4159 b.
337 4094 495 4178 Hiiufiger
515 4096 581 4160 und
604 4096 642 4159 in'
662 4095 746 4159 allen
762 4094 873 4159 Zeiteu
895 4093 1126 4179 gebriiuchlich
1149 4096 1194 4159 ist
1208 4098 1337 4160 adinum.

200 4201 268 4261 Aua
291 4197 347 4260 der
369 4196 626 4261 vorklassischen
649 4196 782 4261 Periode
804 4196 892 4260 citirt
912 4195 1030 4260 Holtze
1052 4195 1093 4273 ll,
1119 4195 1152 4260 S.
1181 4199 1240 4260 147
1263 4196 1338 4262 viele

200 4296 337 4377 Stellen,
363 4296 515 4361 darunter
537 4300 625 4376 zuei,
654 4296 815 4362 iudanon
842 4297 897 4361 der
920 4297 1064 4361 Wunsch
1087 4301 1174 4362 trotz
1196 4297 1253 4361 der
1274 4295 1336 4361 Un-

200 4396 535 4465 wahrscheinliohlceit
562 4400 618 4466 der
648 4399 839 4481 Erfdllung,
873 4397 971 4463 durch
1001 4397 1054 4461 ein
1076 4387 1235 4463 Praesens
1263 4399 1334 4462 oder
