2926 5070
536 325 765 388 -175—

83 476 160 539 casio
183 473 382 556 solitudinis,
410 475 454 539 ibi
478 476 547 560 ipsa
570 476 814 560 frequentia-
835 469 976 540 animum
999 477 1219 543 exstimulave-

82 578 155 639 raut.
208 576 301 657 16,7
333 576 395 639 nisi
417 575 500 661 quod
524 577 653 642 Cassius
680 577 794 661 opibus
817 614 855 624 —-
880 576 1006 642 Silanus
1028 578 1218 644 claritudine

81 677 201 762 generis
223 676 471 761 praecellebant.
503 717 543 725 -
571 678 664 742 Eben
687 700 736 761 so,
760 677 903 743 wiewohl
927 679 1044 763 sclten,
1067 680 1117 744 bei
1141 679 1219 764 Spi-

81 783 180 844 teren:
203 779 306 844 Flor.
329 778 359 859 2,
383 779 412 862 6,
435 780 477 844 60
498 779 560 844 hoc
583 779 691 863 Scipio
712 779 751 843 de
766 779 970 864 Hannibalis,
994 780 1157 846 Hannibal
1181 783 1219 847 de

81 880 232 965 Scipionis
255 880 396 945 exercitu
417 883 690 964 praedicaverunt.
741 875 902 966 Vopisc.
931 881 1018 946 Flor.
1044 885 1056 945 1
1083 905 1218 967 quorum

81 984 154 1047 alter
176 1005 232 1047 sex
254 982 427 1066 mensibus,
451 982 533 1047 alter
555 983 606 1047 vix
629 983 752 1047 duobus
774 983 1021 1066 imperaverunt.

158 1089 187 1167 ς,
212 1084 282 1148 102.
323 1083 421 1149 Zwei
452 1086 565 1167 (selteu
590 1084 692 1166 mehr)
720 1084 909 1169 Subjecte
937 1086 985 1149 im
1014 1085 1217 1172 singular,

81 1187 125 1251 die
162 1186 325 1251 entweder
364 1186 621 1251 siunverwendte
654 1187 730 1250 oder
762 1186 1127 1271 zusammengehiirende
1159 1189 1219 1253 Be-

82 1288 166 1374 griffe
193 1287 404 1369 bezeichnen,
434 1287 540 1353 baben
573 1289 629 1352 das
660 1288 810 1353 Prfidieat
832 1289 875 1352 im
904 1287 1104 1372 Singular.
1152 1290 1218 1355 Na·

82 1390 229 1454 meutlich
251 1389 294 1452 ist
316 1389 383 1453 dies
405 1389 462 1454 der
482 1389 567 1470 Fall,
596 1411 690 1454 weuu
718 1389 775 1455 das
797 1389 939 1454 Verbum
962 1389 1023 1454 deu
1046 1389 1217 1475 Subjecten

83 1491 262 1578 vorangeht.

158 1594 321 1658 Terena:
366 1593 426 1658 Ad.
449 1595 478 1673 3,
503 1594 532 1676 2,
555 1595 598 1658 42
628 1596 684 1658 tua
706 1595 792 1660 fama
821 1597 853 1658 et
875 1597 992 1678 gnatae
1015 1595 1083 1658 vita
1106 1595 1139 1657 in
1162 1595 1216 1659 du·

85 1696 161 1759 bium
193 1696 310 1760 veniet.
376 1697 407 1778 3,
435 1698 466 1779 4,
494 1695 545 1760 24-
568 1697 728 1780 persuasit
755 1717 822 1759 uox
853 1717 942 1760 amor
971 1695 1080 1760 vinum
1112 1696 1217 1761 adule-

86 1798 204 1861 soeutia.
250 1795 331 1860 Hec.
353 1795 433 1880 prol.
449 1819 479 1861 v.
496 1798 516 1860 2
538 1819 655 1861 novum
678 1797 851 1861 intervenit
864 1798 978 1861 vitium
995 1801 1028 1860 et
1044 1798 1218 1864 calamitas.

118 1911 135 1935 “
159 1898 312 1964 Cicero:
335 1898 388 1962 off.
415 1900 442 1981 1,
464 1898 506 1962 23
528 1901 653 1983 tempus
675 1899 912 1982 necessitasque
934 1899 1085 1982 postulat.
1132 1901 1159 1977 1,
1176 1900 1219 1964 30

87 2000 177 2064 rictus
209 2000 377 2083 cultusque
411 2001 550 2084 corporis
584 1999 623 2064 ad
652 1999 866 2064 valetudinem
898 1998 1065 2063 referatur.
1118 2001 1148 2080 3,
1182 2001 1218 2064 10

88 2101 187 2186 religio
209 2105 241 2165 et
263 2101 342 2166 fides
364 2105 578 2185 anteponatur
599 2101 767 2166 amicitiae.
797 2103 828 2183 3,
851 2102 872 2165 5
894 2101 1031 2165 societas
1052 2101 1218 2165 hominum

89 2206 115 2265 el
133 2203 340 2269 communitas
363 2207 524 2268 evertatur
545 2225 674 2269 neeesse
690 2207 746 2267 est.
768 2203 807 2267 ad
829 2202 906 2265 fam.
923 2203 954 2285 6,
974 2203 1035 2280 1‚4
1058 2224 1095 2266 ea
1113 2207 1220 2268 mente

90 2326 169 2386 quam
190 2305 273 2370 ratio
301 2308 334 2369 et
358 2305 474 2369 veritas
495 2305 696 2389 praescribit.
746 2308 775 2385 ξ.
799 2304 819 2368 6
846 2304 899 2367 ubi
929 2307 1006 2366 nata
1029 2307 1061 2367 et
1083 2304 1149 2367 alta
1170 2308 1243 2370 est.
1299 2354 1304 2360 -
1412 2310 1414 2315 ’

90 2407 158 2470 ratio
185 2430 221 2471 ac
249 2406 426 2471 moderatio
453 2398 562 2471 vitae*
604 2407 653 2487 13,
676 2405 728 2489 32,
751 2408 771 2469 2
800 2409 955 2489 quantum
984 2408 1039 2469 tua
1065 2405 1144 2469 fides
1172 2407 1218 2469 di-

90 2509 241 2594 gnitasque
278 2507 427 2592 patietur.
489 2531 536 2593 ep.
564 2510 616 2588 53,
648 2510 663 2571 l
698 2506 780 2592 quod
813 2506 890 2571 fides
925 2509 982 2571 tua
1015 2507 1218 2592 dignitasque

91 2610 219 2690 patietur.
278 2631 327 2693 ep.
360 2610 401 2673 58
435 2610 518 2673 sicut
550 2612 606 2674 tua
638 2609 716 2672 fides
754 2612 787 2672 et
818 2630 907 2672 meus
939 2607 1043 2692 pudor
1075 2607 1219 2692 postulat

92 2709 215 2790 (scheiut
236 2710 440 2793 formelhaft‚
462 2702 546 2775 trotz
570 2711 624 2776 der
647 2709 892 2776 verschiedenen
915 2709 1079 2774 Personeu
1102 2711 1135 2774 iu
1157 2710 1219 2774 den

92 2810 265 2896 Subjecten).
312 2835 360 2896 ep.
377 2812 414 2876 61
442 2813 544 2896 quoad
568 2816 623 2876 tua
638 2811 715 2876 fides
732 2812 933 2896 dignitasque
948 2812 1098 2895 patietur.
1124 2811 1219 2877 Rosa.

94 2914 152 2977 lm.
173 2919 201 2995 ξ.
217 2916 258 2979 66
281 2918 317 2979 ut
339 2935 481 2978 summus
502 2914 593 2980 furor
615 2918 710 2998 atque
732 2914 873 2977 amentia
895 2919 1118 2996 consequatur.
1163 2914 1220 2977 Als

94 3015 228 3081 stebende
251 3016 395 3081 Formel:
419 3020 550 3080 senatus
572 3016 771 3100 populusque
787 3014 951 3079 Romanus
966 3015 1121 3098 intelligit
1143 3015 1219 3078 fam.

94 3114 119 3195 6,
138 3116 164 3195 8,
185 3118 211 3182 2.
235 3119 288 3183 off.
315 3123 342 3199 1,
368 3120 407 3183 13
429 3120 559 3184 senatus
582 3121 614 3181 et
636 3116 670 3181 Ο.
696 3116 858 3182 Fabricius
882 3155 919 3164 -
944 3116 1074 3180 dedidit.
1099 3116 1220 3181 desen.

96 3218 156 3294 §.9
182 3221 377 3285 conscientia
404 3258 444 3268 —
473 3219 707 3303 multorumque
741 3219 820 3282 bene
853 3218 1011 3282 factorum
1044 3217 1220 3282 recordatio

99 3317 307 3387 iucundissima
335 3327 392 3387 est.
448 3321 530 3387 Sehr
557 3321 729 3385 auffalleud
759 3320 809 3384 bei
837 3321 927 3384 einer
948 3319 1103 3403 Hfiufung
1124 3318 1223 3382 vieler

98 3417 245 3504 fiubjecte:
268 3425 320 3488 off,
344 3425 410 3508 3,6
432 3423 643 3488 beneficentia
658 3421 832 3486 liberalitas
855 3421 982 3485 bonitas
1004 3420 1126 3484 iustitia
1148 3420 1219 3483 lun-

100 3520 168 3587 ditus
187 3527 318 3590 tollitur.
364 3530 442 3590 crat.
465 3529 547 3610 part.
570 3526 621 3604 26,
637 3525 679 3588 90
699 3525 806 3607 itaque
821 3523 896 3588 huic
911 3524 1021 3608 generi
1036 3522 1105 3585 laus
1120 3521 1221 3585 houos

98 3622 182 3703 gloria
200 3627 276 3692 fides
299 3627 422 3692 iustitia
444 3628 609 3711 omnisque
632 3627 742 3704 virtus,
765 3625 811 3690 illi
834 3628 939 3689 autem
962 3624 1054 3688 alteri
1070 3626 1220 3708 quaestus

98 3727 322 3794 emolumentum
353 3729 540 3814 fructusque
568 3729 757 3813 proponitur
790 3727 915 3814 (wegen
944 3728 1000 3790 der
1021 3747 1220 3809 synonymeu

1 3906 2 3916 ἵ
98 3823 269 3917 Redeutuug
292 3831 349 3896 der
370 3830 436 3895 drei
459 3832 577 3895 letaten
600 3828 773 3914 Subjecte).
1096 3828 1099 3834 ’

167 3931 302 3997 Caesar
335 3934 365 3997 b¹
401 3955 433 4018 g.
466 3933 496 4017 2,
532 3933 571 3997 19
604 3933 685 3997 ratio
720 3932 857 4015 ordoque
891 3930 1031 4015 agminis
1064 3931 1156 3994 aliter
1187 3952 1220 3995 se

1 4028 2 4053 ¹
98 4026 224 4100 habebat
255 4073 297 4083 —-
324 4034 423 4117 Sall.
454 4036 522 4100 Cat.
546 4034 641 4116 62,6
675 4034 806 4098 libertas
840 4036 873 4097 et
905 4033 1012 4097 anima
1045 4037 1155 4097 uostm
1188 4034 1221 4096 iu

1 4127 2 4143 ¹
95 4130 176 4197 dubio
195 4141 251 4201 est.

166 4235 310 4302 Livius:
350 4243 378 4319 1,
401 4240 443 4303 24
465 4243 591 4323 tempus
620 4242 652 4303 et
678 4238 766 4302 locus
796 4239 953 4303 convenit.
1005 4238 1034 4317 9,
1057 4238 1096 4299 41
1127 4241 1222 4320 prout

95 4333 146 4400 loei
166 4344 276 4404 natura
298 4344 487 4425 tempusque
509 4341 700 4424 patiebatur.
757 4341 808 4418 33,
832 4340 874 4404 48
896 4362 946 4405 res
969 4344 1001 4404 et
1021 4343 1147 4422 tempus
1169 4361 1222 4423 pa·

93 4437 223 4508 tiebalur.
276 4445 302 4522 1,
331 4446 370 4508 19
403 4464 482 4526 quos
510 4446 614 4506 metus
643 4441 781 4506 bostium
813 4442 1045 4526 disciplinaque
1073 4441 1221 4505 militaris
