3046 5056
580 335 811 399 „543-

117 488 235 571 pondo.
264 525 299 534 —
322 486 390 552 Liv.
413 487 464 567 35,
486 488 524 551 31
555 487 661 571 specie
683 525 724 535 -
747 507 781 551 re
810 507 892 550 vera.
917 522 955 533 -
980 483 1072 550 Nach
1102 485 1264 570 Analogia

119 610 181 653 von
203 590 345 668 aalma,
372 610 483 672 penore
510 592 587 672 sagt
609 585 731 653 Gellius
758 589 806 672 16,
834 589 882 668 19,
906 587 926 653 3
949 589 976 652 is
998 587 1069 652 loco
1093 590 1125 651 et
1147 586 1265 671 oppido

120 690 377 773 Methymnaeus,
410 696 495 754 terra
524 693 619 773 atque
647 689 751 753 insula
779 686 867 754 omui
896 689 1029 754 Lesbius
1062 688 1132 753 fnit.
1184 687 1265 752 Sehr

122 791 212 856 kuhn
234 792 286 857 bei
308 793 405 876 Apul.
420 797 495 856 met.
519 793 586 876 2,4
608 792 735 876 signum
760 829 798 839 -·
822 795 910 856 veste
931 790 1088 869 reflatum,
1111 811 1264 874 procursu

119 897 278 976 vegetum.

205 997 398 1060 Ausserdem
418 996 508 1060 ritirt
524 994 698 1080 Madvig:
721 1016 818 1079 aeger
840 994 984 1078 pedibus,
1009 993 1140 1058 claudus
1163 995 1264 1058 altero

119 1096 209 1181 pede,
233 1101 345 1181 captus
367 1098 476 1181 oculis,
500 1098 684 1181 eloquentia
706 1096 932 1180 praestantior,
954 1095 1044 1160 nulla
1065 1117 1100 1160 re
1121 1095 1264 1175 inferior,

121 1203 227 1263 aetate
250 1203 282 1263 et
303 1200 407 1285 gloria
428 1198 634 1278 antecellere,
657 1219 737 1283 gens
760 1219 873 1282 aspera
894 1197 990 1261 cultu.

141 1346 144 1352 Α
206 1298 287 1364 Dem
317 1300 496 1385 Spatlatein
524 1299 639 1385 geh'ort
666 1321 723 1364 an:
756 1301 900 1365 omnibus
922 1331 963 1353 =
985 1297 1179 1365 παντάπασι
1207 1300 1265 1382 „in

117 1401 209 1485 jeder
238 1401 419 1468 Hinsicht“
441 1425 467 1467 a.
491 1401 527 1470 Β,
552 1400 648 1486 Apul.
672 1421 713 1464 m.
738 1402 767 1479 7,
794 1402 830 1465 ll
866 1400 1016 1466 omnibus
1049 1401 1104 1466 ille
1137 1401 1264 1486 quidem

122 1504 321 1599 deterrimus.
365 1504 478 1587 Dictys
508 1502 592 1568 Oret.
619 1504 648 1586 2,
670 1503 712 1567 26
741 1502 811 1587 agri
841 1502 1026 1587 depraedati
1055 1502 1266 1587 omnibusque

122 1606 237 1670 vexati.

208 1713 237 1792 ξ.
261 1707 333 1772 228.
359 1707 424 1772 Der
445 1706 659 1771 Ablativus
681 1727 821 1770 causae
843 1706 992 1781 entstand
1017 1705 1167 1784 dadurch,
1190 1707 1265 1771 dass

123 1808 179 1873 der
191 1809 319 1873 Ablativ
336 1807 390 1872 des
409 1799 592 1894 Ursprungs
607 1809 665 1873 auf
678 1808 823 1893 logische
834 1807 1055 1873 Verhiiltnisse
1072 1808 1266 1892 hbertragen

123 1910 219 1974 ward.
259 1909 319 1974 Die
342 1909 577 1995 Hinzusltgung
599 1911 687 1974 eines
710 1910 859 1993 passiven
881 1908 1039 1994 Particips
1062 1913 1189 1992 (motus,
1212 1911 1266 1974 ad·

123 2012 237 2100 ductus
252 2033 282 2074 u.
298 2011 342 2096 a.)
365 2012 408 2075 ist
429 2011 632 2095 heineswegs
654 2011 873 2096 nothwendig,
896 2011 1040 2077 wiewohl
1063 2012 1119 2075 der
1134 2011 1266 2097 Beweg·

124 2113 229 2197 grand
251 2113 285 2177 in
308 2113 364 2177 der
386 2111 487 2198 Regel
510 2134 545 2177 so
567 2113 782 2198 ausgedriicht
804 2113 892 2177 wird.

210 2217 239 2278 l.
284 2213 354 2314 Der
383 2216 525 2279 innere
558 2212 848 2300 Beweggrund,
883 2213 1044 2279 entweder
1078 2215 1131 2279 ein
1161 2212 1268 2279 Affect

124 2316 201 2381 oder
228 2315 410 2401 uberhaupt
436 2317 489 2380 ein
519 2314 661 2380 Zustand
690 2317 745 2380 des
767 2315 948 2399 Subjectes:
977 2315 1082 2380 Plaut.
1106 2315 1202 2381 Most.
1225 2318 1265 2381 37

123 2418 187 2482 mei
209 2418 294 2503 tergi
316 2417 397 2482 facio
420 2417 509 2502 haec,
533 2440 600 2482 non
622 2418 669 2481 tui
690 2417 816 2483 fiducia.
861 2417 933 2486 Ter.
958 2416 1017 2481 Ad.
1040 2418 1070 2496 4,
1097 2420 1124 2501 1,
1148 2418 1186 2482 21
1212 2417 1267 2481 ho·

123 2520 203 2584 mini
232 2520 306 2584 ilico
334 2519 493 2584 lacrumae
523 2519 641 2583 cadunt
667 2520 759 2603 quasi
787 2540 886 2604 puero
916 2518 1043 2605 gaudio.
1070 2555 1106 2567 —
1132 2518 1211 2584 (lic.
1235 2541 1267 2603 p.

124 2619 206 2686 sest.
222 2621 265 2684 20
288 2642 360 2684 cum
382 2620 436 2685 alii
459 2643 510 2685 me
531 2622 713 2705 suspicione
734 2622 868 2706 periculi
891 2621 939 2685 sui
962 2642 1027 2685 non
1050 2621 1267 2686 defenderent.

124 2744 190 2807 rep.
214 2722 245 2806 2,
267 2723 306 2787 31
330 2714 370 2787 ¹et
398 2721 591 2790 Collatinum
621 2724 826 2788 innocentem
852 2723 1032 2808 suspicione
1065 2723 1268 2808 cognationis

125 2824 315 2908 expulerunt
337 2830 369 2889 et
390 2825 530 2910 reliquos
546 2825 738 2910 Tarquinios
761 2826 938 2892 offensione
953 2825 1104 2889 nominis.
1140 2848 1170 2910 p.
1188 2823 1267 2890 Mur.

124 2927 164 2991 37
193 2929 229 2990 tu
254 2927 471 3010 imprudentia
500 2927 629 3014 laberis.
674 2928 713 2992 de
740 2949 785 2993 or.
809 2929 840 3010 3,
861 2928 903 2992 28
929 2948 1017 2992 nunc
1045 2927 1132 2990 enim
1160 2927 1270 3010 inopia

124 3028 255 3093 reticere
270 3029 505 3114 intelliguntur.
545 3032 572 3111 1,
588 3030 630 3092 22
646 3049 712 3093 non
735 3029 885 3112 superbia
907 3050 1010 3113 neque
1032 3027 1269 3092 inhumanitate

125 3129 292 3194 faciebam.
329 3129 394 3195 inv.
411 3131 440 3210 2,
456 3131 498 3195 35
520 3151 584 3193 non
607 3130 680 3194 odio
703 3150 805 3213 neque
827 3129 1015 3194 crudelitate
1037 3129 1161 3212 fecisse,
1184 3127 1268 3211 quod
1299 3132 1304 3140 ’
1366 3131 1375 3139 “

126 3231 249 3314 fecerit,
271 3229 326 3294 sed
349 3234 404 3294 aut
426 3230 564 3294 stultitia
588 3234 643 3295 ctt.
682 3230 774 3295 Brut.
790 3230 833 3294 24
855 3230 998 3295 videmus
1021 3230 1101 3294 alios
1124 3232 1269 3293 oratores

125 3332 241 3395 inertia
266 3331 349 3395 nihil
382 3331 558 3414 scripsisse.
603 3332 643 3396 18
672 3353 785 3397 vereor
817 3355 859 3397 ne
889 3353 995 3396 amore
1023 3329 1133 3395 videar
1166 3330 1269 3414 plura,

125 3455 219 3518 quam
247 3433 368 3497 fuerint
388 3433 423 3496 in
450 3432 523 3514 illo,
551 3433 666 3498 dicere.
712 3433 754 3498 89
776 3433 854 3498 iuris
877 3433 979 3499 civilis
1006 3432 1112 3497 studio
1134 3432 1269 3496 multum

126 3557 240 3619 operae
273 3534 388 3599 dabam
423 3533 460 3610 Q.
490 3533 671 3600 Scaevolae.
715 3535 767 3600 off.
799 3538 826 3620 1,
853 3537 895 3600 24
927 3557 1092 3621 nunquam
1125 3534 1269 3619 profecto

125 3636 260 3720 periculi
287 3637 366 3721 fuga
395 3635 467 3723 (aus
489 3635 594 3702 Scheu
616 3637 687 3723 vor)
717 3639 980 3703 committendum
1010 3641 1059 3702 est
1087 3640 1123 3700 ut
1151 3639 1208 3702 ctt.
1231 3635 1270 3700 ds

126 3760 172 3803 or.
189 3739 219 3822 3,
233 3738 276 3803 32
297 3738 409 3818 oratio,
433 3761 513 3824 quae
530 3780 567 3789 -
585 3739 722 3823 quadam
740 3740 960 3804 mediocritate
981 3738 1138 3803 laudatur.
1183 3738 1268 3823 legg.

129 3844 155 3920 1,
182 3844 218 3905 11
248 3840 338 3905 dolor
366 3842 398 3904 in
429 3841 576 3906 maximis
603 3841 696 3905 malis
726 3841 865 3921 ducitur,
899 3845 967 3906 tum
996 3862 1054 3905 sua
1086 3840 1270 3924 asperitate,

126 3947 194 4006 tum
217 3943 299 4027 quod
323 3946 379 4010 ott.
401 3980 442 3992 -
465 3942 573 4008 (lass.
599 3943 631 4007 b.
654 3964 681 4008 c.
705 3945 736 4026 3,
760 3944 802 4007 90
831 3965 902 4008 cum
930 3944 1013 4007 vires
1041 3964 1112 4007 eum
1142 3940 1271 4006 lassitu-

127 4043 203 4109 dine
231 4043 424 4109 defecissent
445 4045 516 4129 (aus
539 4043 734 4129 Ermattung
756 4045 861 4109 verlor
883 4066 916 4109 er
938 4044 990 4108 dic
1012 4043 1132 4128 Kraft).
1177 4045 1206 4123 2,
1230 4044 1272 4108 39

127 4145 248 4230 reliqua
276 4145 382 4209 studio
409 4145 534 4210 itineris
565 4146 752 4211 conficiendi
781 4167 934 4231 quaerere
960 4145 1196 4229 praetermittit
1240 4147 1272 4226 3,

128 4247 169 4311 79
196 4248 334 4331 pristina
364 4269 421 4311 sua
448 4248 679 4312 consuetudine
703 4249 750 4329 (iu
774 4247 872 4330 h'olge
899 4247 985 4311 ihrer
1007 4248 1092 4312 alten
1116 4246 1273 4311 Gewohn-

127 4346 217 4430 hait).
256 4349 299 4413 52
320 4370 377 4433 spe
400 4348 591 4413 conficiendi
613 4349 735 4435 negotii
757 4371 857 4434 prope
879 4350 914 4413 in
936 4351 1064 4413 noctem
1086 4369 1152 4413 rem
1175 4349 1271 4414 duxe-

128 4452 212 4513 rant
249 4450 279 4514 b.
302 4472 334 4534 g.
361 4453 389 4534 1,
412 4451 455 4515 44
477 4451 571 4535 idque
594 4472 628 4515 se
650 4473 686 4516 ea
709 4473 765 4536 spe
788 4452 918 4536 petisse.
955 4451 996 4515 28
1019 4451 1051 4515 id
1074 4473 1112 4516 ea
1134 4453 1271 4518 maxime
