<?xml version="1.0" encoding="UTF-8"?>
<!DOCTYPE html PUBLIC "-//W3C//DTD XHTML 1.0 Transitional//EN"
    "http://www.w3.org/TR/xhtml1/DTD/xhtml1-transitional.dtd">
<html xmlns="http://www.w3.org/1999/xhtml" xml:lang="en" lang="en">
 <head>
  <title>
</title>
<meta http-equiv="Content-Type" content="text/html;charset=utf-8" />
  <meta name='ocr-system' content='tesseract 3.04.00' />
  <meta name='ocr-capabilities' content='ocr_page ocr_carea ocr_par ocr_line ocrx_word'/>
</head>
<body>
  <div class='ocr_page' id='page_1' title='image "./historischesynt03draegoog/historischesynt03draegoog_0431.png"; bbox 0 0 3082 5064; ppageno 0'>
   <div class='ocr_carea' id='block_1_1' title="bbox 582 297 812 359">
    <p class='ocr_par' dir='ltr' id='par_1_1' title="bbox 582 297 812 359">
     <span class='ocr_line' id='line_1_1' title="bbox 582 297 812 359; baseline -0.004 0"><span class='ocrx_word' id='word_1_1' title='bbox 582 297 812 359; x_wconf 83' lang='lat'><strong>-391-</strong></span> 
     </span>
    </p>
   </div>
   <div class='ocr_carea' id='block_1_2' title="bbox 58 447 1270 638">
    <p class='ocr_par' dir='ltr' id='par_1_2' title="bbox 58 447 1270 638">
     <span class='ocr_line' id='line_1_2' title="bbox 58 447 1270 534; baseline 0.003 -24"><span class='ocrx_word' id='word_1_2' title='bbox 58 457 64 473; x_wconf 84' lang='lat'><strong>¹</strong></span> <span class='ocrx_word' id='word_1_3' title='bbox 121 447 236 512; x_wconf 85' lang='lat' dir='ltr'><strong>Pseud.</strong></span> <span class='ocrx_word' id='word_1_4' title='bbox 259 448 290 530; x_wconf 99' lang='lat'><strong>4,</strong></span> <span class='ocrx_word' id='word_1_5' title='bbox 315 450 343 529; x_wconf 88' lang='lat'><strong>1,</strong></span> <span class='ocrx_word' id='word_1_6' title='bbox 367 447 409 511; x_wconf 85' lang='lat'><strong>26</strong></span> <span class='ocrx_word' id='word_1_7' title='bbox 430 452 586 530; x_wconf 87' lang='lat' dir='ltr'><strong>quantum</strong></span> <span class='ocrx_word' id='word_1_8' title='bbox 614 448 734 532; x_wconf 83' lang='lat' dir='ltr'><strong>diguus</strong></span> <span class='ocrx_word' id='word_1_9' title='bbox 756 469 800 512; x_wconf 90' lang='lat' dir='ltr'><strong>es.</strong></span> <span class='ocrx_word' id='word_1_10' title='bbox 847 450 930 533; x_wconf 87' lang='lat' dir='ltr'><strong>capt.</strong></span> <span class='ocrx_word' id='word_1_11' title='bbox 953 450 984 531; x_wconf 87' lang='grc'><strong>5,</strong></span> <span class='ocrx_word' id='word_1_12' title='bbox 1008 449 1038 529; x_wconf 96' lang='grc'><strong>2,</strong></span> <span class='ocrx_word' id='word_1_13' title='bbox 1065 451 1104 513; x_wconf 91' lang='grc'><strong>16</strong></span> <span class='ocrx_word' id='word_1_14' title='bbox 1126 451 1201 534; x_wconf 92' lang='lat' dir='ltr'><strong>quid</strong></span> <span class='ocrx_word' id='word_1_15' title='bbox 1224 452 1270 514; x_wconf 90' lang='lat' dir='ltr'><strong>di·</strong></span> 
     </span>
     <span class='ocr_line' id='line_1_3' title="bbox 120 548 1267 638; baseline 0.005 -27"><span class='ocrx_word' id='word_1_16' title='bbox 120 570 205 632; x_wconf 77' lang='lat' dir='ltr'><strong>gnus</strong></span> <span class='ocrx_word' id='word_1_17' title='bbox 234 548 324 612; x_wconf 87' lang='lat' dir='ltr'><strong>siem.</strong></span> <span class='ocrx_word' id='word_1_18' title='bbox 370 548 450 614; x_wconf 81' lang='lat' dir='ltr'><strong>Rud.</strong></span> <span class='ocrx_word' id='word_1_19' title='bbox 465 550 516 630; x_wconf 86' lang='grc'><strong>’2,</strong></span> <span class='ocrx_word' id='word_1_20' title='bbox 538 552 573 632; x_wconf 98' lang='grc'><strong>3,</strong></span> <span class='ocrx_word' id='word_1_21' title='bbox 596 550 638 614; x_wconf 87' lang='grc'><strong>66</strong></span> <span class='ocrx_word' id='word_1_22' title='bbox 665 549 698 612; x_wconf 91' lang='lat' dir='ltr'><strong>id</strong></span> <span class='ocrx_word' id='word_1_23' title='bbox 726 550 844 613; x_wconf 86' lang='lat' dir='ltr'><strong>misera</strong></span> <span class='ocrx_word' id='word_1_24' title='bbox 870 554 1024 615; x_wconf 84' lang='lat' dir='ltr'><strong>maestast</strong></span> <span class='ocrx_word' id='word_1_25' title='bbox 1045 550 1101 635; x_wconf 89' lang='lat'><strong>(=</strong></span> <span class='ocrx_word' id='word_1_26' title='bbox 1122 554 1267 638; x_wconf 85' lang='lat' dir='ltr'><strong>maeret).</strong></span> 
     </span>
    </p>
   </div>
   <div class='ocr_carea' id='block_1_3' title="bbox 88 649 1269 4293">
    <p class='ocr_par' dir='ltr' id='par_1_3' title="bbox 88 649 1269 3276">
     <span class='ocr_line' id='line_1_4' title="bbox 122 649 1269 735; baseline 0.005 -22"><span class='ocrx_word' id='word_1_27' title='bbox 122 649 219 714; x_wconf 83' lang='grc'><strong>111515.</strong></span> <span class='ocrx_word' id='word_1_28' title='bbox 241 650 273 733; x_wconf 92' lang='grc'><strong>4,</strong></span> <span class='ocrx_word' id='word_1_29' title='bbox 295 651 326 732; x_wconf 93' lang='grc'><strong>3,</strong></span> <span class='ocrx_word' id='word_1_30' title='bbox 349 651 391 714; x_wconf 89' lang='grc'><strong>33</strong></span> <span class='ocrx_word' id='word_1_31' title='bbox 413 651 441 714; x_wconf 90' lang='grc'><strong>51</strong></span> <span class='ocrx_word' id='word_1_32' title='bbox 470 649 553 715; x_wconf 90' lang='lat' dir='ltr'>nihil</span> <span class='ocrx_word' id='word_1_33' title='bbox 575 673 650 715; x_wconf 80' lang='lat' dir='ltr'><strong>usus</strong></span> <span class='ocrx_word' id='word_1_34' title='bbox 673 654 767 715; x_wconf 88' lang='lat' dir='ltr'><strong>esset.</strong></span> <span class='ocrx_word' id='word_1_35' title='bbox 813 650 901 715; x_wconf 90' lang='lat' dir='ltr'><strong>Trin.</strong></span> <span class='ocrx_word' id='word_1_36' title='bbox 924 653 955 735; x_wconf 93' lang='grc'><strong>2,</strong></span> <span class='ocrx_word' id='word_1_37' title='bbox 978 655 1008 734; x_wconf 89' lang='grc'><strong>4,</strong></span> <span class='ocrx_word' id='word_1_38' title='bbox 1034 653 1094 716; x_wconf 92' lang='grc'><strong>102</strong></span> <span class='ocrx_word' id='word_1_39' title='bbox 1117 653 1171 716; x_wconf 89' lang='lat' dir='ltr'><strong>ubi</strong></span> <span class='ocrx_word' id='word_1_40' title='bbox 1194 676 1269 718; x_wconf 90' lang='lat' dir='ltr'><strong>usus</strong></span> 
     </span>
     <span class='ocr_line' id='line_1_5' title="bbox 120 750 1268 838; baseline 0.004 -23"><span class='ocrx_word' id='word_1_41' title='bbox 120 751 201 815; x_wconf 92' lang='lat' dir='ltr'><strong>nihil</strong></span> <span class='ocrx_word' id='word_1_42' title='bbox 224 755 295 815; x_wconf 82' lang='lat' dir='ltr'><strong>erat</strong></span> <span class='ocrx_word' id='word_1_43' title='bbox 313 750 409 815; x_wconf 92' lang='lat' dir='ltr'><strong>dicto.</strong></span> <span class='ocrx_word' id='word_1_44' title='bbox 446 752 543 820; x_wconf 90' lang='lat' dir='ltr'><strong>Poen.</strong></span> <span class='ocrx_word' id='word_1_45' title='bbox 559 754 588 832; x_wconf 88' lang='grc'><strong>3,</strong></span> <span class='ocrx_word' id='word_1_46' title='bbox 608 755 635 830; x_wconf 98' lang='grc'><strong>1,</strong></span> <span class='ocrx_word' id='word_1_47' title='bbox 656 753 695 817; x_wconf 90' lang='grc'><strong>15</strong></span> <span class='ocrx_word' id='word_1_48' title='bbox 709 752 840 816; x_wconf 84' lang='lat' dir='ltr'><strong>obnoxii</strong></span> <span class='ocrx_word' id='word_1_49' title='bbox 856 753 949 818; x_wconf 87' lang='lat' dir='ltr'><strong>istuc.</strong></span> <span class='ocrx_word' id='word_1_50' title='bbox 985 755 1016 838; x_wconf 88' lang='grc'><strong>3,</strong></span> <span class='ocrx_word' id='word_1_51' title='bbox 1031 755 1061 833; x_wconf 97' lang='grc'><strong>5,</strong></span> <span class='ocrx_word' id='word_1_52' title='bbox 1077 753 1119 817; x_wconf 90' lang='grc'><strong>25</strong></span> <span class='ocrx_word' id='word_1_53' title='bbox 1134 753 1166 817; x_wconf 92' lang='lat' dir='ltr'><strong>id</strong></span> <span class='ocrx_word' id='word_1_54' title='bbox 1181 777 1268 820; x_wconf 87' lang='lat' dir='ltr'><strong>nunc</strong></span> 
     </span>
     <span class='ocr_line' id='line_1_6' title="bbox 120 852 1269 941; baseline 0.003 -24"><span class='ocrx_word' id='word_1_55' title='bbox 120 853 172 917; x_wconf 90' lang='lat' dir='ltr'><strong>his</strong></span> <span class='ocrx_word' id='word_1_56' title='bbox 194 853 360 917; x_wconf 89' lang='lat' dir='ltr'><strong>cerebrum</strong></span> <span class='ocrx_word' id='word_1_57' title='bbox 382 852 486 916; x_wconf 89' lang='lat' dir='ltr'><strong>uritur</strong></span> <span class='ocrx_word' id='word_1_58' title='bbox 506 854 563 941; x_wconf 89' lang='lat'><strong>(=</strong></span> <span class='ocrx_word' id='word_1_59' title='bbox 584 859 717 938; x_wconf 91' lang='lat' dir='ltr'><strong>propter</strong></span> <span class='ocrx_word' id='word_1_60' title='bbox 738 854 797 939; x_wconf 88' lang='lat' dir='ltr'><strong>id).</strong></span> <span class='ocrx_word' id='word_1_61' title='bbox 836 855 901 918; x_wconf 91' lang='lat' dir='ltr'><strong>mil.</strong></span> <span class='ocrx_word' id='word_1_62' title='bbox 923 858 955 938; x_wconf 89' lang='grc'><strong>4,</strong></span> <span class='ocrx_word' id='word_1_63' title='bbox 976 857 1008 938; x_wconf 92' lang='grc'><strong>4,</strong></span> <span class='ocrx_word' id='word_1_64' title='bbox 1030 857 1073 919; x_wconf 91' lang='grc'><strong>22</strong></span> <span class='ocrx_word' id='word_1_65' title='bbox 1092 857 1123 919; x_wconf 90' lang='lat' dir='ltr'><strong>id</strong></span> <span class='ocrx_word' id='word_1_66' title='bbox 1146 878 1205 921; x_wconf 89' lang='lat' dir='ltr'><strong>nos</strong></span> <span class='ocrx_word' id='word_1_67' title='bbox 1228 857 1269 921; x_wconf 83' lang='lat' dir='ltr'><strong>ad</strong></span> 
     </span>
     <span class='ocr_line' id='line_1_7' title="bbox 120 953 1267 1043; baseline 0.003 -24"><span class='ocrx_word' id='word_1_68' title='bbox 120 959 169 1035; x_wconf 90' lang='lat' dir='ltr'><strong>te,</strong></span> <span class='ocrx_word' id='word_1_69' title='bbox 199 955 226 1018; x_wconf 91' lang='lat' dir='ltr'><strong>si</strong></span> <span class='ocrx_word' id='word_1_70' title='bbox 256 955 331 1038; x_wconf 92' lang='lat' dir='ltr'><strong>quid</strong></span> <span class='ocrx_word' id='word_1_71' title='bbox 356 953 466 1037; x_wconf 84' lang='lat' dir='ltr'><strong>velles,</strong></span> <span class='ocrx_word' id='word_1_72' title='bbox 494 957 646 1023; x_wconf 87' lang='lat' dir='ltr'><strong>venimus.</strong></span> <span class='ocrx_word' id='word_1_73' title='bbox 691 955 787 1020; x_wconf 86' lang='lat' dir='ltr'><strong>Most.</strong></span> <span class='ocrx_word' id='word_1_74' title='bbox 809 958 842 1037; x_wconf 89' lang='grc'><strong>4,</strong></span> <span class='ocrx_word' id='word_1_75' title='bbox 865 958 896 1040; x_wconf 92' lang='grc'><strong>3,</strong></span> <span class='ocrx_word' id='word_1_76' title='bbox 922 958 960 1021; x_wconf 92' lang='grc'><strong>16</strong></span> <span class='ocrx_word' id='word_1_77' title='bbox 982 957 1044 1021; x_wconf 88' lang='lat' dir='ltr'><strong>uisi</strong></span> <span class='ocrx_word' id='word_1_78' title='bbox 1067 957 1142 1042; x_wconf 92' lang='lat' dir='ltr'><strong>quid</strong></span> <span class='ocrx_word' id='word_1_79' title='bbox 1164 958 1267 1043; x_wconf 79' lang='lat' dir='ltr'><strong>magis</strong></span> 
     </span>
     <span class='ocr_line' id='line_1_8' title="bbox 120 1054 1267 1143; baseline 0.003 -23"><span class='ocrx_word' id='word_1_80' title='bbox 120 1079 154 1120; x_wconf 94' lang='lat' dir='ltr'><strong>es</strong></span> <span class='ocrx_word' id='word_1_81' title='bbox 177 1061 361 1139; x_wconf 89' lang='lat' dir='ltr'><strong>occupatus.</strong></span> <span class='ocrx_word' id='word_1_82' title='bbox 406 1054 492 1121; x_wconf 89' lang='lat' dir='ltr'><strong>Pers.</strong></span> <span class='ocrx_word' id='word_1_83' title='bbox 515 1059 547 1137; x_wconf 87' lang='grc'><strong>5,</strong></span> <span class='ocrx_word' id='word_1_84' title='bbox 570 1060 598 1136; x_wconf 95' lang='grc'><strong>1,</strong></span> <span class='ocrx_word' id='word_1_85' title='bbox 623 1059 660 1122; x_wconf 96' lang='grc'><strong>15</strong></span> <span class='ocrx_word' id='word_1_86' title='bbox 682 1079 742 1141; x_wconf 83' lang='lat' dir='ltr'><strong>ego</strong></span> <span class='ocrx_word' id='word_1_87' title='bbox 764 1057 811 1121; x_wconf 91' lang='lat' dir='ltr'><strong>nil</strong></span> <span class='ocrx_word' id='word_1_88' title='bbox 834 1079 949 1122; x_wconf 90' lang='lat' dir='ltr'><strong>moror.</strong></span> <span class='ocrx_word' id='word_1_89' title='bbox 979 1060 1010 1140; x_wconf 92' lang='grc'><strong>4,</strong></span> <span class='ocrx_word' id='word_1_90' title='bbox 1026 1059 1056 1137; x_wconf 89' lang='grc'><strong>4,</strong></span> <span class='ocrx_word' id='word_1_91' title='bbox 1072 1060 1114 1123; x_wconf 90' lang='grc'><strong>69</strong></span> <span class='ocrx_word' id='word_1_92' title='bbox 1135 1081 1176 1124; x_wconf 89' lang='grc'><strong>55</strong></span> <span class='ocrx_word' id='word_1_93' title='bbox 1192 1060 1267 1143; x_wconf 92' lang='lat' dir='ltr'><strong>quid</strong></span> 
     </span>
     <span class='ocr_line' id='line_1_9' title="bbox 120 1158 1267 1242; baseline 0.003 -20"><span class='ocrx_word' id='word_1_94' title='bbox 120 1159 218 1222; x_wconf 90' lang='lat' dir='ltr'><strong>mirer</strong></span> <span class='ocrx_word' id='word_1_95' title='bbox 239 1180 343 1222; x_wconf 93' lang='lat' dir='ltr'><strong>meum</strong></span> <span class='ocrx_word' id='word_1_96' title='bbox 366 1158 495 1223; x_wconf 89' lang='lat' dir='ltr'><strong>malum.</strong></span> <span class='ocrx_word' id='word_1_97' title='bbox 539 1159 651 1223; x_wconf 82' lang='lat' dir='ltr'>Pseud.</span> <span class='ocrx_word' id='word_1_98' title='bbox 678 1162 708 1242; x_wconf 88' lang='lat'><strong>1,</strong></span> <span class='ocrx_word' id='word_1_99' title='bbox 728 1161 758 1242; x_wconf 87' lang='grc'><strong>3,</strong></span> <span class='ocrx_word' id='word_1_100' title='bbox 782 1160 824 1223; x_wconf 90' lang='grc'><strong>74</strong></span> <span class='ocrx_word' id='word_1_101' title='bbox 844 1160 933 1223; x_wconf 87' lang='grc'><strong>111155</strong></span> <span class='ocrx_word' id='word_1_102' title='bbox 955 1165 988 1225; x_wconf 86' lang='grc'><strong>15</strong></span> <span class='ocrx_word' id='word_1_103' title='bbox 1010 1162 1162 1226; x_wconf 85' lang='lat' dir='ltr'><strong>miseret?</strong></span> <span class='ocrx_word' id='word_1_104' title='bbox 1205 1162 1267 1225; x_wconf 86' lang='lat' dir='ltr'><strong>Da·</strong></span> 
     </span>
     <span class='ocr_line' id='line_1_10' title="bbox 119 1260 1265 1348; baseline 0.003 -24"><span class='ocrx_word' id='word_1_105' title='bbox 119 1260 177 1325; x_wconf 93' lang='lat' dir='ltr'><strong>hin</strong></span> <span class='ocrx_word' id='word_1_106' title='bbox 206 1260 323 1345; x_wconf 75' lang='lat' dir='ltr'><strong>gehdrt</strong></span> <span class='ocrx_word' id='word_1_107' title='bbox 349 1263 471 1325; x_wconf 62' lang='lat' dir='ltr'><strong>edidere</strong></span> <span class='ocrx_word' id='word_1_108' title='bbox 498 1260 639 1334; x_wconf 79' lang='grc'><strong>15111111,</strong></span> <span class='ocrx_word' id='word_1_109' title='bbox 667 1262 717 1340; x_wconf 79' lang='lat' dir='ltr'><strong>id,</strong></span> <span class='ocrx_word' id='word_1_110' title='bbox 747 1263 863 1325; x_wconf 83' lang='lat' dir='ltr'><strong>codem.</strong></span> <span class='ocrx_word' id='word_1_111' title='bbox 909 1261 1041 1326; x_wconf 90' lang='lat' dir='ltr'><strong>Plautus</strong></span> <span class='ocrx_word' id='word_1_112' title='bbox 1069 1263 1128 1327; x_wconf 88' lang='lat' dir='ltr'><strong>hat</strong></span> <span class='ocrx_word' id='word_1_113' title='bbox 1156 1284 1265 1348; x_wconf 80' lang='lat' dir='ltr'><strong>sogor:</strong></span> 
     </span>
     <span class='ocr_line' id='line_1_11' title="bbox 120 1361 1267 1447; baseline 0.003 -21"><span class='ocrx_word' id='word_1_114' title='bbox 120 1362 194 1431; x_wconf 77' lang='lat' dir='ltr'><strong>mil.</strong></span> <span class='ocrx_word' id='word_1_115' title='bbox 222 1362 301 1425; x_wconf 88' lang='grc'><strong>1437</strong></span> <span class='ocrx_word' id='word_1_116' title='bbox 336 1363 442 1425; x_wconf 88' lang='lat' dir='ltr'><strong>minus</strong></span> <span class='ocrx_word' id='word_1_117' title='bbox 469 1363 529 1427; x_wconf 77' lang='lat' dir='ltr'><strong>hos</strong></span> <span class='ocrx_word' id='word_1_118' title='bbox 554 1384 606 1427; x_wconf 81' lang='lat' dir='ltr'><strong>res</strong></span> <span class='ocrx_word' id='word_1_119' title='bbox 631 1361 790 1425; x_wconf 87' lang='lat' dir='ltr'><strong>studeant.</strong></span> <span class='ocrx_word' id='word_1_120' title='bbox 842 1362 979 1426; x_wconf 76' lang='lat' dir='ltr'><strong>Terens:</strong></span> <span class='ocrx_word' id='word_1_121' title='bbox 1012 1365 1059 1428; x_wconf 91' lang='lat' dir='ltr'><strong>nil</strong></span> <span class='ocrx_word' id='word_1_122' title='bbox 1087 1386 1267 1447; x_wconf 85' lang='lat' dir='ltr'><strong>succenseo,</strong></span> 
     </span>
     <span class='ocr_line' id='line_1_12' title="bbox 119 1463 1265 1548; baseline 0.002 -19"><span class='ocrx_word' id='word_1_123' title='bbox 119 1486 160 1529; x_wconf 90' lang='lat' dir='ltr'><strong>an</strong></span> <span class='ocrx_word' id='word_1_124' title='bbox 188 1465 220 1528; x_wconf 90' lang='lat' dir='ltr'><strong>id</strong></span> <span class='ocrx_word' id='word_1_125' title='bbox 250 1485 432 1546; x_wconf 89' lang='lat' dir='ltr'><strong>suscenses,</strong></span> <span class='ocrx_word' id='word_1_126' title='bbox 461 1464 488 1527; x_wconf 88' lang='grc'><strong>51</strong></span> <span class='ocrx_word' id='word_1_127' title='bbox 511 1463 543 1527; x_wconf 92' lang='lat' dir='ltr'><strong>id</strong></span> <span class='ocrx_word' id='word_1_128' title='bbox 565 1467 764 1546; x_wconf 71' lang='lat' dir='ltr'><strong>suscenseat,</strong></span> <span class='ocrx_word' id='word_1_129' title='bbox 793 1463 840 1527; x_wconf 91' lang='lat' dir='ltr'><strong>nil</strong></span> <span class='ocrx_word' id='word_1_130' title='bbox 862 1464 941 1528; x_wconf 88' lang='lat' dir='ltr'><strong>fecit</strong></span> <span class='ocrx_word' id='word_1_131' title='bbox 962 1465 1045 1548; x_wconf 92' lang='lat' dir='ltr'><strong>quod</strong></span> <span class='ocrx_word' id='word_1_132' title='bbox 1069 1488 1265 1532; x_wconf 82' lang='lat' dir='ltr'><strong>suscenseas.</strong></span> 
     </span>
     <span class='ocr_line' id='line_1_13' title="bbox 117 1563 1267 1652; baseline 0.002 -21"><span class='ocrx_word' id='word_1_133' title='bbox 117 1566 233 1631; x_wconf 87' lang='lat' dir='ltr'><strong>Heaut.</strong></span> <span class='ocrx_word' id='word_1_134' title='bbox 255 1566 335 1650; x_wconf 82' lang='lat'><strong>2,3,</strong></span> <span class='ocrx_word' id='word_1_135' title='bbox 355 1568 410 1629; x_wconf 93' lang='grc'><strong>111</strong></span> <span class='ocrx_word' id='word_1_136' title='bbox 435 1565 574 1649; x_wconf 90' lang='lat' dir='ltr'><strong>nequid</strong></span> <span class='ocrx_word' id='word_1_137' title='bbox 597 1563 794 1630; x_wconf 76' lang='lat' dir='ltr'><strong>accusandus</strong></span> <span class='ocrx_word' id='word_1_138' title='bbox 817 1566 870 1629; x_wconf 86' lang='lat' dir='ltr'><strong>sis.</strong></span> <span class='ocrx_word' id='word_1_139' title='bbox 915 1565 992 1634; x_wconf 85' lang='lat' dir='ltr'><strong>Hoc.</strong></span> <span class='ocrx_word' id='word_1_140' title='bbox 1013 1569 1043 1649; x_wconf 93' lang='grc'><strong>2,</strong></span> <span class='ocrx_word' id='word_1_141' title='bbox 1070 1571 1094 1646; x_wconf 96' lang='grc'><strong>1,</strong></span> <span class='ocrx_word' id='word_1_142' title='bbox 1117 1569 1267 1652; x_wconf 73' lang='grc'><strong>3115555</strong></span> 
     </span>
     <span class='ocr_line' id='line_1_14' title="bbox 117 1666 1266 1755; baseline 0.002 -23"><span class='ocrx_word' id='word_1_143' title='bbox 117 1668 312 1732; x_wconf 74' lang='lat' dir='ltr'><strong>declinatam</strong></span> <span class='ocrx_word' id='word_1_144' title='bbox 335 1667 504 1751; x_wconf 85' lang='lat' dir='ltr'><strong>quicquam</strong></span> <span class='ocrx_word' id='word_1_145' title='bbox 525 1704 565 1715; x_wconf 95' lang='lat'><em>-</em></span> <span class='ocrx_word' id='word_1_146' title='bbox 587 1667 736 1751; x_wconf 79' lang='lat' dir='ltr'><strong>reperias.</strong></span> <span class='ocrx_word' id='word_1_147' title='bbox 780 1666 881 1731; x_wconf 80' lang='lat' dir='ltr'><strong>Andr.</strong></span> <span class='ocrx_word' id='word_1_148' title='bbox 904 1669 935 1751; x_wconf 89' lang='grc'><strong>3,</strong></span> <span class='ocrx_word' id='word_1_149' title='bbox 958 1669 988 1751; x_wconf 94' lang='grc'><strong>2,</strong></span> <span class='ocrx_word' id='word_1_150' title='bbox 1013 1670 1051 1733; x_wconf 91' lang='grc'><strong>18</strong></span> <span class='ocrx_word' id='word_1_151' title='bbox 1074 1672 1168 1733; x_wconf 88' lang='lat' dir='ltr'><strong>teneo</strong></span> <span class='ocrx_word' id='word_1_152' title='bbox 1190 1672 1266 1755; x_wconf 91' lang='lat' dir='ltr'><strong>quid</strong></span> 
     </span>
     <span class='ocr_line' id='line_1_15' title="bbox 88 1768 1265 1853; baseline -0.003 -14"><span class='ocrx_word' id='word_1_153' title='bbox 88 1836 90 1839; x_wconf 83' lang='grc'>.</span> <span class='ocrx_word' id='word_1_154' title='bbox 118 1773 210 1834; x_wconf 81' lang='lat' dir='ltr'><strong>erret.</strong></span> <span class='ocrx_word' id='word_1_155' title='bbox 256 1768 317 1833; x_wconf 88' lang='lat' dir='ltr'><strong>Ad.</strong></span> <span class='ocrx_word' id='word_1_156' title='bbox 340 1770 371 1852; x_wconf 89' lang='grc'><strong>5,</strong></span> <span class='ocrx_word' id='word_1_157' title='bbox 394 1770 424 1850; x_wconf 89' lang='grc'><strong>9,</strong></span> <span class='ocrx_word' id='word_1_158' title='bbox 439 1769 481 1834; x_wconf 84' lang='grc'><strong>33</strong></span> <span class='ocrx_word' id='word_1_159' title='bbox 504 1770 612 1833; x_wconf 86' lang='lat' dir='ltr'><strong>omnia</strong></span> <span class='ocrx_word' id='word_1_160' title='bbox 634 1769 765 1833; x_wconf 92' lang='lat' dir='ltr'><strong>omnino</strong></span> <span class='ocrx_word' id='word_1_161' title='bbox 787 1770 951 1853; x_wconf 88' lang='lat' dir='ltr'><strong>obsequor.</strong></span> <span class='ocrx_word' id='word_1_162' title='bbox 998 1770 1110 1834; x_wconf 83' lang='lat' dir='ltr'><strong>Oester</strong></span> <span class='ocrx_word' id='word_1_163' title='bbox 1131 1771 1182 1835; x_wconf 90' lang='lat' dir='ltr'><strong>bei</strong></span> <span class='ocrx_word' id='word_1_164' title='bbox 1205 1771 1265 1835; x_wconf 81' lang='lat' dir='ltr'><strong>Te-</strong></span> 
     </span>
     <span class='ocr_line' id='line_1_16' title="bbox 119 1871 1266 1955; baseline 0 -18"><span class='ocrx_word' id='word_1_165' title='bbox 119 1895 211 1937; x_wconf 87' lang='lat' dir='ltr'><strong>reuz:</strong></span> <span class='ocrx_word' id='word_1_166' title='bbox 234 1871 280 1935; x_wconf 92' lang='lat' dir='ltr'><strong>nil</strong></span> <span class='ocrx_word' id='word_1_167' title='bbox 303 1871 343 1936; x_wconf 89' lang='lat' dir='ltr'><strong>ad</strong></span> <span class='ocrx_word' id='word_1_168' title='bbox 365 1892 416 1934; x_wconf 90' lang='grc'><strong>1115</strong></span> <span class='ocrx_word' id='word_1_169' title='bbox 439 1873 566 1953; x_wconf 85' lang='lat' dir='ltr'><strong>attinet,</strong></span> <span class='ocrx_word' id='word_1_170' title='bbox 588 1871 636 1935; x_wconf 91' lang='lat' dir='ltr'><strong>nil</strong></span> <span class='ocrx_word' id='word_1_171' title='bbox 658 1871 768 1953; x_wconf 81' lang='lat' dir='ltr'><strong>refert,</strong></span> <span class='ocrx_word' id='word_1_172' title='bbox 790 1871 838 1934; x_wconf 91' lang='lat' dir='ltr'><strong>nil</strong></span> <span class='ocrx_word' id='word_1_173' title='bbox 859 1891 939 1954; x_wconf 88' lang='lat' dir='ltr'><strong>opus</strong></span> <span class='ocrx_word' id='word_1_174' title='bbox 957 1876 1014 1939; x_wconf 89' lang='lat' dir='ltr'><strong>est.</strong></span> <span class='ocrx_word' id='word_1_175' title='bbox 1053 1872 1114 1936; x_wconf 81' lang='lat' dir='ltr'><strong>Ad.</strong></span> <span class='ocrx_word' id='word_1_176' title='bbox 1136 1876 1160 1950; x_wconf 94' lang='grc'><strong>1,</strong></span> <span class='ocrx_word' id='word_1_177' title='bbox 1177 1873 1208 1955; x_wconf 87' lang='grc'><strong>2,</strong></span> <span class='ocrx_word' id='word_1_178' title='bbox 1224 1875 1266 1937; x_wconf 91' lang='grc'><strong>62</strong></span> 
     </span>
     <span class='ocr_line' id='line_1_17' title="bbox 120 1970 1263 2054; baseline 0 -14"><span class='ocrx_word' id='word_1_179' title='bbox 120 1975 235 2040; x_wconf 90' lang='lat' dir='ltr'><strong>nonnil</strong></span> <span class='ocrx_word' id='word_1_180' title='bbox 262 1973 398 2037; x_wconf 87' lang='lat' dir='ltr'><strong>molesta</strong></span> <span class='ocrx_word' id='word_1_181' title='bbox 426 1972 504 2035; x_wconf 84' lang='lat' dir='ltr'><strong>hoec</strong></span> <span class='ocrx_word' id='word_1_182' title='bbox 532 1974 609 2036; x_wconf 86' lang='lat' dir='ltr'><strong>sunt</strong></span> <span class='ocrx_word' id='word_1_183' title='bbox 629 1971 717 2034; x_wconf 92' lang='lat' dir='ltr'><strong>mihi.</strong></span> <span class='ocrx_word' id='word_1_184' title='bbox 762 1970 863 2034; x_wconf 87' lang='lat' dir='ltr'><strong>Andr.</strong></span> <span class='ocrx_word' id='word_1_185' title='bbox 889 1975 915 2054; x_wconf 95' lang='grc'><strong>1,</strong></span> <span class='ocrx_word' id='word_1_186' title='bbox 941 1974 968 2054; x_wconf 98' lang='grc'><strong>1,</strong></span> <span class='ocrx_word' id='word_1_187' title='bbox 994 1974 1053 2037; x_wconf 89' lang='grc'><strong>133</strong></span> <span class='ocrx_word' id='word_1_188' title='bbox 1076 1975 1123 2038; x_wconf 91' lang='grc'><strong>1111</strong></span> <span class='ocrx_word' id='word_1_189' title='bbox 1145 1975 1263 2043; x_wconf 91' lang='lat' dir='ltr'><strong>obsint.</strong></span> 
     </span>
     <span class='ocr_line' id='line_1_18' title="bbox 121 2071 1264 2160; baseline 0.001 -20"><span class='ocrx_word' id='word_1_190' title='bbox 121 2083 147 2159; x_wconf 89' lang='grc'><strong>1,</strong></span> <span class='ocrx_word' id='word_1_191' title='bbox 163 2079 195 2159; x_wconf 92' lang='grc'><strong>2,</strong></span> <span class='ocrx_word' id='word_1_192' title='bbox 211 2079 250 2141; x_wconf 92' lang='grc'><strong>31</strong></span> <span class='ocrx_word' id='word_1_193' title='bbox 268 2075 315 2140; x_wconf 88' lang='grc'><strong>511</strong></span> <span class='ocrx_word' id='word_1_194' title='bbox 337 2074 559 2138; x_wconf 87' lang='lat' dir='ltr'><strong>circumitione</strong></span> <span class='ocrx_word' id='word_1_195' title='bbox 581 2095 657 2137; x_wconf 89' lang='lat' dir='ltr'><strong>usus</strong></span> <span class='ocrx_word' id='word_1_196' title='bbox 680 2094 722 2136; x_wconf 88' lang='lat' dir='ltr'><strong>es.</strong></span> <span class='ocrx_word' id='word_1_197' title='bbox 768 2071 896 2135; x_wconf 88' lang='lat' dir='ltr'><strong>Phorm.</strong></span> <span class='ocrx_word' id='word_1_198' title='bbox 913 2075 942 2152; x_wconf 90' lang='lat'><strong>3,</strong></span> <span class='ocrx_word' id='word_1_199' title='bbox 958 2075 990 2156; x_wconf 92' lang='grc'><strong>2,</strong></span> <span class='ocrx_word' id='word_1_200' title='bbox 1006 2075 1049 2138; x_wconf 89' lang='grc'><strong>34</strong></span> <span class='ocrx_word' id='word_1_201' title='bbox 1070 2076 1101 2139; x_wconf 82' lang='grc'><strong>16</strong></span> <span class='ocrx_word' id='word_1_202' title='bbox 1124 2078 1208 2160; x_wconf 89' lang='lat' dir='ltr'><strong>quod</strong></span> <span class='ocrx_word' id='word_1_203' title='bbox 1231 2100 1264 2141; x_wconf 90' lang='lat' dir='ltr'><strong>cs</strong></span> 
     </span>
     <span class='ocr_line' id='line_1_19' title="bbox 117 2175 1264 2263; baseline -0.001 -20"><span class='ocrx_word' id='word_1_204' title='bbox 117 2179 244 2263; x_wconf 80' lang='lat' dir='ltr'><strong>dignus.</strong></span> <span class='ocrx_word' id='word_1_205' title='bbox 289 2176 373 2241; x_wconf 85' lang='lat' dir='ltr'><strong>Euo.</strong></span> <span class='ocrx_word' id='word_1_206' title='bbox 396 2175 579 2258; x_wconf 83' lang='grc'><strong>5,1,131(1</strong></span> <span class='ocrx_word' id='word_1_207' title='bbox 602 2175 759 2239; x_wconf 80' lang='lat' dir='ltr'><strong>lucrumst</strong></span> <span class='ocrx_word' id='word_1_208' title='bbox 781 2176 834 2253; x_wconf 88' lang='lat'><strong>(=</strong></span> <span class='ocrx_word' id='word_1_209' title='bbox 858 2176 1052 2262; x_wconf 84' lang='lat' dir='ltr'><strong>propterea).</strong></span> <span class='ocrx_word' id='word_1_210' title='bbox 1096 2177 1126 2259; x_wconf 88' lang='grc'><strong>5,</strong></span> <span class='ocrx_word' id='word_1_211' title='bbox 1142 2179 1210 2260; x_wconf 91' lang='grc'><strong>6,4</strong></span> <span class='ocrx_word' id='word_1_212' title='bbox 1232 2178 1264 2242; x_wconf 91' lang='lat' dir='ltr'><strong>id</strong></span> 
     </span>
     <span class='ocr_line' id='line_1_20' title="bbox 117 2275 1265 2366; baseline -0.002 -20"><span class='ocrx_word' id='word_1_213' title='bbox 117 2282 249 2366; x_wconf 87' lang='lat' dir='ltr'><strong>prodeo,</strong></span> <span class='ocrx_word' id='word_1_214' title='bbox 272 2285 311 2343; x_wconf 90' lang='lat' dir='ltr'><strong>ut</strong></span> <span class='ocrx_word' id='word_1_215' title='bbox 331 2281 387 2342; x_wconf 86' lang='lat' dir='ltr'><strong>ott.</strong></span> <span class='ocrx_word' id='word_1_216' title='bbox 433 2277 475 2342; x_wconf 86' lang='lat' dir='ltr'><strong>So</strong></span> <span class='ocrx_word' id='word_1_217' title='bbox 498 2276 570 2340; x_wconf 88' lang='lat' dir='ltr'><strong>sind</strong></span> <span class='ocrx_word' id='word_1_218' title='bbox 594 2298 632 2339; x_wconf 87' lang='lat' dir='ltr'><strong>zu</strong></span> <span class='ocrx_word' id='word_1_219' title='bbox 655 2275 871 2339; x_wconf 88' lang='lat' dir='ltr'><strong>beurtheilen:</strong></span> <span class='ocrx_word' id='word_1_220' title='bbox 894 2279 972 2359; x_wconf 77' lang='lat' dir='ltr'><strong>quid</strong></span> <span class='ocrx_word' id='word_1_221' title='bbox 993 2279 1048 2360; x_wconf 88' lang='lat'><strong>(==</strong></span> <span class='ocrx_word' id='word_1_222' title='bbox 1069 2281 1150 2364; x_wconf 89' lang='lat' dir='ltr'><strong>cur),</strong></span> <span class='ocrx_word' id='word_1_223' title='bbox 1173 2302 1265 2344; x_wconf 77' lang='lat' dir='ltr'><strong>orror·</strong></span> 
     </span>
     <span class='ocr_line' id='line_1_21' title="bbox 116 2378 1266 2466; baseline -0.003 -18"><span class='ocrx_word' id='word_1_224' title='bbox 116 2386 194 2466; x_wconf 79' lang='lat' dir='ltr'><strong>quid</strong></span> <span class='ocrx_word' id='word_1_225' title='bbox 220 2382 285 2446; x_wconf 91' lang='lat' dir='ltr'><strong>und</strong></span> <span class='ocrx_word' id='word_1_226' title='bbox 314 2382 433 2462; x_wconf 78' lang='lat' dir='ltr'><strong>ocqrrid.</strong></span> <span class='ocrx_word' id='word_1_227' title='bbox 456 2416 497 2426; x_wconf 91' lang='lat'>-</span> <span class='ocrx_word' id='word_1_228' title='bbox 523 2378 595 2442; x_wconf 91' lang='lat' dir='ltr'><strong>Wie</strong></span> <span class='ocrx_word' id='word_1_229' title='bbox 624 2378 707 2442; x_wconf 87' lang='lat' dir='ltr'><strong>oben</strong></span> <span class='ocrx_word' id='word_1_230' title='bbox 733 2379 769 2442; x_wconf 81' lang='lat' dir='ltr'><strong>id</strong></span> <span class='ocrx_word' id='word_1_231' title='bbox 796 2382 877 2441; x_wconf 87' lang='lat' dir='ltr'><strong>statt</strong></span> <span class='ocrx_word' id='word_1_232' title='bbox 900 2385 1082 2462; x_wconf 77' lang='lat' dir='ltr'><strong>propterca,</strong></span> <span class='ocrx_word' id='word_1_233' title='bbox 1114 2402 1150 2444; x_wconf 88' lang='lat' dir='ltr'><strong>so</strong></span> <span class='ocrx_word' id='word_1_234' title='bbox 1179 2382 1266 2446; x_wconf 86' lang='lat' dir='ltr'><strong>steht</strong></span> 
     </span>
     <span class='ocr_line' id='line_1_22' title="bbox 116 2480 1262 2565; baseline -0.003 -15"><span class='ocrx_word' id='word_1_235' title='bbox 116 2486 197 2550; x_wconf 85' lang='lat' dir='ltr'><strong>auch</strong></span> <span class='ocrx_word' id='word_1_236' title='bbox 220 2484 276 2547; x_wconf 87' lang='lat' dir='ltr'><strong>das</strong></span> <span class='ocrx_word' id='word_1_237' title='bbox 299 2481 426 2546; x_wconf 74' lang='lat' dir='ltr'><strong>Relatis</strong></span> <span class='ocrx_word' id='word_1_238' title='bbox 447 2483 531 2563; x_wconf 79' lang='lat' dir='ltr'><strong>qood</strong></span> <span class='ocrx_word' id='word_1_239' title='bbox 551 2480 663 2565; x_wconf 73' lang='lat' dir='ltr'><strong>hsufig</strong></span> <span class='ocrx_word' id='word_1_240' title='bbox 684 2483 764 2543; x_wconf 81' lang='lat' dir='ltr'><strong>statt</strong></span> <span class='ocrx_word' id='word_1_241' title='bbox 779 2485 910 2562; x_wconf 78' lang='lat' dir='ltr'><strong>propter</strong></span> <span class='ocrx_word' id='word_1_242' title='bbox 932 2483 1022 2562; x_wconf 78' lang='lat' dir='ltr'><strong>quod,</strong></span> <span class='ocrx_word' id='word_1_243' title='bbox 1045 2503 1073 2543; x_wconf 86' lang='lat' dir='ltr'><strong>z.</strong></span> <span class='ocrx_word' id='word_1_244' title='bbox 1095 2480 1133 2545; x_wconf 91' lang='lat' dir='ltr'><strong>B.</strong></span> <span class='ocrx_word' id='word_1_245' title='bbox 1158 2481 1262 2547; x_wconf 85' lang='lat' dir='ltr'><strong>Pluut.</strong></span> 
     </span>
     <span class='ocr_line' id='line_1_23' title="bbox 117 2581 1262 2669; baseline -0.003 -19"><span class='ocrx_word' id='word_1_246' title='bbox 117 2587 202 2653; x_wconf 89' lang='lat' dir='ltr'><strong>hlen.</strong></span> <span class='ocrx_word' id='word_1_247' title='bbox 224 2586 261 2669; x_wconf 92' lang='lat'><strong>4,</strong></span> <span class='ocrx_word' id='word_1_248' title='bbox 283 2585 319 2666; x_wconf 91' lang='lat'><strong>3,</strong></span> <span class='ocrx_word' id='word_1_249' title='bbox 341 2585 361 2647; x_wconf 92' lang='lat'><strong>3</strong></span> <span class='ocrx_word' id='word_1_250' title='bbox 389 2583 458 2647; x_wconf 90' lang='lat' dir='ltr'><strong>scin</strong></span> <span class='ocrx_word' id='word_1_251' title='bbox 486 2582 562 2667; x_wconf 92' lang='lat' dir='ltr'><strong>quid</strong></span> <span class='ocrx_word' id='word_1_252' title='bbox 590 2587 661 2663; x_wconf 89' lang='lat' dir='ltr'><strong>est,</strong></span> <span class='ocrx_word' id='word_1_253' title='bbox 685 2581 768 2665; x_wconf 89' lang='lat' dir='ltr'><strong>quod</strong></span> <span class='ocrx_word' id='word_1_254' title='bbox 795 2603 855 2665; x_wconf 87' lang='lat' dir='ltr'><strong>ego</strong></span> <span class='ocrx_word' id='word_1_255' title='bbox 882 2581 922 2645; x_wconf 89' lang='lat' dir='ltr'><strong>ad</strong></span> <span class='ocrx_word' id='word_1_256' title='bbox 948 2586 980 2646; x_wconf 87' lang='lat' dir='ltr'><strong>tc</strong></span> <span class='ocrx_word' id='word_1_257' title='bbox 1009 2583 1126 2647; x_wconf 78' lang='lat' dir='ltr'><strong>venio?</strong></span> <span class='ocrx_word' id='word_1_258' title='bbox 1168 2583 1262 2668; x_wconf 81' lang='lat' dir='ltr'><strong>Epid.</strong></span> 
     </span>
     <span class='ocr_line' id='line_1_24' title="bbox 116 2682 1265 2769; baseline -0.004 -15"><span class='ocrx_word' id='word_1_259' title='bbox 116 2691 146 2766; x_wconf 86' lang='lat'><strong>3,</strong></span> <span class='ocrx_word' id='word_1_260' title='bbox 168 2688 199 2769; x_wconf 90' lang='grc'><strong>4,</strong></span> <span class='ocrx_word' id='word_1_261' title='bbox 222 2687 265 2751; x_wconf 88' lang='grc'><strong>20</strong></span> <span class='ocrx_word' id='word_1_262' title='bbox 285 2689 322 2750; x_wconf 91' lang='grc'><strong>51</strong></span> <span class='ocrx_word' id='word_1_263' title='bbox 343 2686 425 2769; x_wconf 90' lang='lat' dir='ltr'><strong>quod</strong></span> <span class='ocrx_word' id='word_1_264' title='bbox 449 2706 509 2769; x_wconf 87' lang='lat' dir='ltr'><strong>ego</strong></span> <span class='ocrx_word' id='word_1_265' title='bbox 532 2684 572 2747; x_wconf 85' lang='lat' dir='ltr'><strong>ad</strong></span> <span class='ocrx_word' id='word_1_266' title='bbox 595 2688 627 2748; x_wconf 91' lang='lat' dir='ltr'><strong>te</strong></span> <span class='ocrx_word' id='word_1_267' title='bbox 650 2683 743 2747; x_wconf 84' lang='lat' dir='ltr'><strong>renio</strong></span> <span class='ocrx_word' id='word_1_268' title='bbox 765 2682 937 2767; x_wconf 85' lang='lat' dir='ltr'><strong>intelligas.</strong></span> <span class='ocrx_word' id='word_1_269' title='bbox 982 2684 1096 2753; x_wconf 87' lang='lat' dir='ltr'><strong>Pseud.</strong></span> <span class='ocrx_word' id='word_1_270' title='bbox 1118 2686 1150 2767; x_wconf 91' lang='grc'><strong>2,</strong></span> <span class='ocrx_word' id='word_1_271' title='bbox 1173 2687 1203 2763; x_wconf 90' lang='grc'><strong>2,</strong></span> <span class='ocrx_word' id='word_1_272' title='bbox 1221 2687 1265 2750; x_wconf 87' lang='grc'><strong>44</strong></span> 
     </span>
     <span class='ocr_line' id='line_1_25' title="bbox 116 2785 1262 2872; baseline -0.001 -19"><span class='ocrx_word' id='word_1_273' title='bbox 116 2795 152 2853; x_wconf 91' lang='lat' dir='ltr'><strong>ut</strong></span> <span class='ocrx_word' id='word_1_274' title='bbox 179 2788 211 2853; x_wconf 93' lang='lat' dir='ltr'><strong>id</strong></span> <span class='ocrx_word' id='word_1_275' title='bbox 240 2810 333 2872; x_wconf 83' lang='lat' dir='ltr'><strong>agam</strong></span> <span class='ocrx_word' id='word_1_276' title='bbox 360 2786 444 2870; x_wconf 91' lang='lat' dir='ltr'><strong>quod</strong></span> <span class='ocrx_word' id='word_1_277' title='bbox 472 2787 587 2850; x_wconf 88' lang='lat' dir='ltr'><strong>missus</strong></span> <span class='ocrx_word' id='word_1_278' title='bbox 609 2786 672 2849; x_wconf 92' lang='lat' dir='ltr'><strong>huc</strong></span> <span class='ocrx_word' id='word_1_279' title='bbox 694 2805 775 2849; x_wconf 88' lang='lat' dir='ltr'><strong>sum.</strong></span> <span class='ocrx_word' id='word_1_280' title='bbox 820 2785 894 2851; x_wconf 88' lang='lat' dir='ltr'><strong>Aul.</strong></span> <span class='ocrx_word' id='word_1_281' title='bbox 918 2787 946 2868; x_wconf 88' lang='lat'><strong>1,</strong></span> <span class='ocrx_word' id='word_1_282' title='bbox 968 2786 998 2869; x_wconf 95' lang='grc'><strong>2,</strong></span> <span class='ocrx_word' id='word_1_283' title='bbox 1023 2787 1062 2850; x_wconf 91' lang='grc'><strong>14</strong></span> <span class='ocrx_word' id='word_1_284' title='bbox 1083 2809 1125 2851; x_wconf 89' lang='lat' dir='ltr'><strong>no</strong></span> <span class='ocrx_word' id='word_1_285' title='bbox 1147 2810 1262 2852; x_wconf 87' lang='lat' dir='ltr'><strong>causac</strong></span> 
     </span>
     <span class='ocr_line' id='line_1_26' title="bbox 115 2887 1262 2974; baseline -0.001 -20"><span class='ocrx_word' id='word_1_286' title='bbox 115 2890 192 2974; x_wconf 89' lang='lat' dir='ltr'><strong>quid</strong></span> <span class='ocrx_word' id='word_1_287' title='bbox 213 2890 265 2966; x_wconf 85' lang='lat' dir='ltr'><strong>sit,</strong></span> <span class='ocrx_word' id='word_1_288' title='bbox 289 2888 372 2972; x_wconf 89' lang='lat' dir='ltr'><strong>quod</strong></span> <span class='ocrx_word' id='word_1_289' title='bbox 393 2893 426 2952; x_wconf 87' lang='lat' dir='ltr'><strong>te</strong></span> <span class='ocrx_word' id='word_1_290' title='bbox 448 2887 615 2970; x_wconf 85' lang='lat' dir='ltr'><strong>quisquam</strong></span> <span class='ocrx_word' id='word_1_291' title='bbox 638 2887 802 2970; x_wconf 84' lang='lat' dir='ltr'><strong>quaeritet.</strong></span> <span class='ocrx_word' id='word_1_292' title='bbox 848 2887 920 2951; x_wconf 80' lang='lat' dir='ltr'><strong>Ter.</strong></span> <span class='ocrx_word' id='word_1_293' title='bbox 936 2887 1050 2953; x_wconf 86' lang='lat' dir='ltr'><strong>Heaut.</strong></span> <span class='ocrx_word' id='word_1_294' title='bbox 1067 2890 1128 2974; x_wconf 89' lang='lat' dir='ltr'><strong>prl.</strong></span> <span class='ocrx_word' id='word_1_295' title='bbox 1144 2890 1164 2953; x_wconf 88' lang='grc'><strong>3</strong></span> <span class='ocrx_word' id='word_1_296' title='bbox 1180 2890 1262 2973; x_wconf 91' lang='lat' dir='ltr'><strong>quod</strong></span> 
     </span>
     <span class='ocr_line' id='line_1_27' title="bbox 116 2976 1262 3075; baseline 0 -20"><span class='ocrx_word' id='word_1_297' title='bbox 116 2992 199 3056; x_wconf 86' lang='lat' dir='ltr'><strong>veni.</strong></span> <span class='ocrx_word' id='word_1_298' title='bbox 244 2989 320 3075; x_wconf 82' lang='lat' dir='ltr'><strong>Vgl.</strong></span> <span class='ocrx_word' id='word_1_299' title='bbox 350 2994 381 3070; x_wconf 69' lang='lat'><strong>§-</strong></span> <span class='ocrx_word' id='word_1_300' title='bbox 405 2989 483 3071; x_wconf 85' lang='grc'><strong>378,</strong></span> <span class='ocrx_word' id='word_1_301' title='bbox 515 2991 541 3053; x_wconf 95' lang='grc'><strong>1.</strong></span> <span class='ocrx_word' id='word_1_302' title='bbox 583 2976 718 3073; x_wconf 78' lang='lat' dir='ltr'><strong>Hsung:</strong></span> <span class='ocrx_word' id='word_1_303' title='bbox 746 2990 829 3056; x_wconf 78' lang='grc'><strong>511111</strong></span> <span class='ocrx_word' id='word_1_304' title='bbox 856 2994 900 3055; x_wconf 80' lang='lat' dir='ltr'><strong>est</strong></span> <span class='ocrx_word' id='word_1_305' title='bbox 927 2993 1011 3072; x_wconf 80' lang='lat' dir='ltr'><strong>quod</strong></span> <span class='ocrx_word' id='word_1_306' title='bbox 1038 2993 1087 3074; x_wconf 87' lang='lat' dir='ltr'><strong>(es</strong></span> <span class='ocrx_word' id='word_1_307' title='bbox 1116 2992 1160 3055; x_wconf 91' lang='lat' dir='ltr'><strong>ist</strong></span> <span class='ocrx_word' id='word_1_308' title='bbox 1187 2991 1262 3063; x_wconf 87' lang='lat' dir='ltr'><strong>hein</strong></span> 
     </span>
     <span class='ocr_line' id='line_1_28' title="bbox 117 3090 1264 3177; baseline 0 -19"><span class='ocrx_word' id='word_1_309' title='bbox 117 3093 238 3168; x_wconf 84' lang='lat' dir='ltr'><strong>Grund,</strong></span> <span class='ocrx_word' id='word_1_310' title='bbox 260 3091 347 3174; x_wconf 80' lang='lat' dir='ltr'><strong>dass)</strong></span> <span class='ocrx_word' id='word_1_311' title='bbox 370 3094 431 3156; x_wconf 85' lang='lat' dir='ltr'><strong>wie</strong></span> <span class='ocrx_word' id='word_1_312' title='bbox 452 3091 487 3154; x_wconf 92' lang='lat' dir='ltr'><strong>iu</strong></span> <span class='ocrx_word' id='word_1_313' title='bbox 510 3090 594 3155; x_wconf 83' lang='lat' dir='ltr'><strong>allen</strong></span> <span class='ocrx_word' id='word_1_314' title='bbox 610 3090 801 3176; x_wconf 79' lang='lat' dir='ltr'><strong>Zeitalteru3</strong></span> <span class='ocrx_word' id='word_1_315' title='bbox 824 3092 1028 3177; x_wconf 82' lang='lat' dir='ltr'><strong>desgleichen</strong></span> <span class='ocrx_word' id='word_1_316' title='bbox 1043 3094 1126 3157; x_wconf 79' lang='lat' dir='ltr'><strong>nihil</strong></span> <span class='ocrx_word' id='word_1_317' title='bbox 1140 3095 1264 3158; x_wconf 79' lang='lat' dir='ltr'><strong>ocorori</strong></span> 
     </span>
     <span class='ocr_line' id='line_1_29' title="bbox 115 3196 264 3276; baseline -0.007 -15"><span class='ocrx_word' id='word_1_318' title='bbox 115 3196 264 3276; x_wconf 77' lang='lat' dir='ltr'><strong>aliquem,</strong></span> 
     </span>
    </p>

    <p class='ocr_par' dir='ltr' id='par_1_4' title="bbox 113 3294 1263 4293">
     <span class='ocr_line' id='line_1_30' title="bbox 201 3294 1260 3379; baseline -0.001 -19"><span class='ocrx_word' id='word_1_319' title='bbox 201 3295 339 3361; x_wconf 84' lang='lat' dir='ltr'><strong>Cicero</strong></span> <span class='ocrx_word' id='word_1_320' title='bbox 371 3294 464 3362; x_wconf 84' lang='lat' dir='ltr'><strong>Bosc.</strong></span> <span class='ocrx_word' id='word_1_321' title='bbox 497 3295 569 3363; x_wconf 86' lang='lat' dir='ltr'><strong>Am.</strong></span> <span class='ocrx_word' id='word_1_322' title='bbox 604 3295 647 3360; x_wconf 90' lang='lat'><strong>34</strong></span> <span class='ocrx_word' id='word_1_323' title='bbox 679 3297 716 3358; x_wconf 90' lang='lat' dir='ltr'><strong>ut</strong></span> <span class='ocrx_word' id='word_1_324' title='bbox 751 3296 834 3360; x_wconf 79' lang='lat' dir='ltr'><strong>nihil</strong></span> <span class='ocrx_word' id='word_1_325' title='bbox 866 3295 1063 3359; x_wconf 83' lang='lat' dir='ltr'><strong>divinatione</strong></span> <span class='ocrx_word' id='word_1_326' title='bbox 1096 3316 1177 3379; x_wconf 89' lang='lat' dir='ltr'><strong>opus</strong></span> <span class='ocrx_word' id='word_1_327' title='bbox 1209 3296 1260 3359; x_wconf 88' lang='grc'><strong>511.</strong></span> 
     </span>
     <span class='ocr_line' id='line_1_31' title="bbox 116 3395 1262 3482; baseline -0.002 -20"><span class='ocrx_word' id='word_1_328' title='bbox 116 3398 206 3462; x_wconf 88' lang='lat' dir='ltr'><strong>Verr.</strong></span> <span class='ocrx_word' id='word_1_329' title='bbox 225 3400 252 3476; x_wconf 93' lang='lat' dir='ltr'><strong>l,</strong></span> <span class='ocrx_word' id='word_1_330' title='bbox 270 3397 470 3461; x_wconf 83' lang='grc'><strong>1851511555</strong></span> <span class='ocrx_word' id='word_1_331' title='bbox 493 3396 592 3482; x_wconf 81' lang='lat' dir='ltr'><strong>longa</strong></span> <span class='ocrx_word' id='word_1_332' title='bbox 613 3396 695 3460; x_wconf 90' lang='lat' dir='ltr'><strong>nihil</strong></span> <span class='ocrx_word' id='word_1_333' title='bbox 717 3418 797 3480; x_wconf 88' lang='lat' dir='ltr'><strong>opus</strong></span> <span class='ocrx_word' id='word_1_334' title='bbox 812 3397 922 3464; x_wconf 84' lang='lat' dir='ltr'><strong>fuisse.</strong></span> <span class='ocrx_word' id='word_1_335' title='bbox 968 3395 1063 3460; x_wconf 77' lang='lat' dir='ltr'><strong>Catil.</strong></span> <span class='ocrx_word' id='word_1_336' title='bbox 1079 3398 1109 3474; x_wconf 91' lang='grc'><strong>3,</strong></span> <span class='ocrx_word' id='word_1_337' title='bbox 1129 3396 1168 3458; x_wconf 92' lang='grc'><strong>12</strong></span> <span class='ocrx_word' id='word_1_338' title='bbox 1184 3395 1262 3460; x_wconf 92' lang='lat' dir='ltr'><strong>mihi</strong></span> 
     </span>
     <span class='ocr_line' id='line_1_32' title="bbox 115 3497 1260 3582; baseline -0.001 -19"><span class='ocrx_word' id='word_1_339' title='bbox 115 3500 283 3564; x_wconf 84' lang='lat' dir='ltr'><strong>nihilium</strong></span> <span class='ocrx_word' id='word_1_340' title='bbox 305 3499 414 3563; x_wconf 89' lang='lat' dir='ltr'><strong>noceri</strong></span> <span class='ocrx_word' id='word_1_341' title='bbox 435 3502 551 3582; x_wconf 86' lang='lat' dir='ltr'><strong>potest.</strong></span> <span class='ocrx_word' id='word_1_342' title='bbox 589 3520 678 3582; x_wconf 84' lang='lat' dir='ltr'><strong>pror.</strong></span> <span class='ocrx_word' id='word_1_343' title='bbox 702 3520 787 3563; x_wconf 90' lang='lat' dir='ltr'><strong>cons.</strong></span> <span class='ocrx_word' id='word_1_344' title='bbox 807 3502 835 3581; x_wconf 94' lang='grc'><strong>1,</strong></span> <span class='ocrx_word' id='word_1_345' title='bbox 855 3501 870 3562; x_wconf 94' lang='lat' dir='ltr'><strong>l</strong></span> <span class='ocrx_word' id='word_1_346' title='bbox 887 3498 970 3562; x_wconf 92' lang='lat' dir='ltr'><strong>nihil</strong></span> <span class='ocrx_word' id='word_1_347' title='bbox 992 3497 1170 3565; x_wconf 88' lang='lat' dir='ltr'><strong>dissentiat.</strong></span> <span class='ocrx_word' id='word_1_348' title='bbox 1207 3498 1260 3562; x_wconf 87' lang='lat' dir='ltr'><strong>off.</strong></span> 
     </span>
     <span class='ocr_line' id='line_1_33' title="bbox 119 3599 1260 3684; baseline -0.002 -19"><span class='ocrx_word' id='word_1_349' title='bbox 119 3605 176 3683; x_wconf 91' lang='grc'><strong>1,1</strong></span> <span class='ocrx_word' id='word_1_350' title='bbox 202 3600 285 3665; x_wconf 90' lang='lat' dir='ltr'><strong>nihil</strong></span> <span class='ocrx_word' id='word_1_351' title='bbox 307 3601 393 3665; x_wconf 88' lang='lat' dir='ltr'><strong>cuim</strong></span> <span class='ocrx_word' id='word_1_352' title='bbox 415 3601 566 3684; x_wconf 90' lang='lat' dir='ltr'><strong>impedio.</strong></span> <span class='ocrx_word' id='word_1_353' title='bbox 612 3601 666 3665; x_wconf 90' lang='lat' dir='ltr'><strong>fin.</strong></span> <span class='ocrx_word' id='word_1_354' title='bbox 689 3602 757 3681; x_wconf 88' lang='lat'><strong>4,3</strong></span> <span class='ocrx_word' id='word_1_355' title='bbox 780 3600 862 3666; x_wconf 88' lang='lat' dir='ltr'><strong>nihil</strong></span> <span class='ocrx_word' id='word_1_356' title='bbox 885 3604 1123 3665; x_wconf 88' lang='lat' dir='ltr'><strong>commutantur</strong></span> <span class='ocrx_word' id='word_1_357' title='bbox 1144 3599 1260 3672; x_wconf 84' lang='lat' dir='ltr'><strong>animo.</strong></span> 
     </span>
     <span class='ocr_line' id='line_1_34' title="bbox 115 3702 1261 3786; baseline -0.001 -20"><span class='ocrx_word' id='word_1_358' title='bbox 115 3702 153 3767; x_wconf 93' lang='lat' dir='ltr'><strong>de</strong></span> <span class='ocrx_word' id='word_1_359' title='bbox 176 3724 221 3768; x_wconf 91' lang='lat' dir='ltr'><strong>or.</strong></span> <span class='ocrx_word' id='word_1_360' title='bbox 247 3705 275 3785; x_wconf 93' lang='lat' dir='ltr'><strong>l,</strong></span> <span class='ocrx_word' id='word_1_361' title='bbox 295 3704 332 3766; x_wconf 93' lang='grc'><strong>16</strong></span> <span class='ocrx_word' id='word_1_362' title='bbox 354 3702 481 3786; x_wconf 88' lang='lat' dir='ltr'><strong>pictura</strong></span> <span class='ocrx_word' id='word_1_363' title='bbox 503 3702 584 3767; x_wconf 89' lang='lat' dir='ltr'><strong>nihil</strong></span> <span class='ocrx_word' id='word_1_364' title='bbox 606 3705 749 3767; x_wconf 89' lang='lat' dir='ltr'><strong>utuntur.</strong></span> <span class='ocrx_word' id='word_1_365' title='bbox 786 3703 817 3781; x_wconf 93' lang='grc'><strong>2,</strong></span> <span class='ocrx_word' id='word_1_366' title='bbox 833 3704 875 3766; x_wconf 87' lang='grc'><strong>80</strong></span> <span class='ocrx_word' id='word_1_367' title='bbox 896 3702 1012 3785; x_wconf 89' lang='lat' dir='ltr'><strong>quibus</strong></span> <span class='ocrx_word' id='word_1_368' title='bbox 1034 3702 1068 3765; x_wconf 91' lang='lat' dir='ltr'><strong>in</strong></span> <span class='ocrx_word' id='word_1_369' title='bbox 1090 3702 1261 3785; x_wconf 84' lang='lat' dir='ltr'><strong>pugnaudo</strong></span> 
     </span>
     <span class='ocr_line' id='line_1_35' title="bbox 114 3802 1260 3888; baseline -0.001 -20"><span class='ocrx_word' id='word_1_370' title='bbox 114 3804 196 3869; x_wconf 88' lang='lat' dir='ltr'><strong>nihil</strong></span> <span class='ocrx_word' id='word_1_371' title='bbox 218 3808 361 3868; x_wconf 86' lang='lat' dir='ltr'><strong>utuntur.</strong></span> <span class='ocrx_word' id='word_1_372' title='bbox 406 3802 500 3868; x_wconf 82' lang='lat' dir='ltr'><strong>Tusc.</strong></span> <span class='ocrx_word' id='word_1_373' title='bbox 523 3806 551 3884; x_wconf 91' lang='grc'><strong>1,</strong></span> <span class='ocrx_word' id='word_1_374' title='bbox 566 3805 609 3868; x_wconf 91' lang='grc'><strong>45</strong></span> <span class='ocrx_word' id='word_1_375' title='bbox 631 3807 667 3867; x_wconf 90' lang='lat' dir='ltr'><strong>ut</strong></span> <span class='ocrx_word' id='word_1_376' title='bbox 688 3804 875 3888; x_wconf 86' lang='lat' dir='ltr'><strong>iutelligaut</strong></span> <span class='ocrx_word' id='word_1_377' title='bbox 896 3802 978 3867; x_wconf 90' lang='lat' dir='ltr'><strong>nihil</strong></span> <span class='ocrx_word' id='word_1_378' title='bbox 1000 3803 1031 3865; x_wconf 92' lang='lat' dir='ltr'><strong>id</strong></span> <span class='ocrx_word' id='word_1_379' title='bbox 1054 3803 1094 3866; x_wconf 83' lang='lat' dir='ltr'><strong>ad</strong></span> <span class='ocrx_word' id='word_1_380' title='bbox 1116 3808 1260 3867; x_wconf 88' lang='lat' dir='ltr'><strong>mortuos</strong></span> 
     </span>
     <span class='ocr_line' id='line_1_36' title="bbox 115 3904 1263 3990; baseline -0.001 -20"><span class='ocrx_word' id='word_1_381' title='bbox 115 3907 286 3990; x_wconf 87' lang='lat' dir='ltr'><strong>pertinere.</strong></span> <span class='ocrx_word' id='word_1_382' title='bbox 320 3905 406 3970; x_wconf 76' lang='lat' dir='ltr'><strong>dam.</strong></span> <span class='ocrx_word' id='word_1_383' title='bbox 422 3904 452 3985; x_wconf 89' lang='grc'><strong>6,</strong></span> <span class='ocrx_word' id='word_1_384' title='bbox 472 3907 507 3968; x_wconf 94' lang='lat' dir='ltr'><strong>ll</strong></span> <span class='ocrx_word' id='word_1_385' title='bbox 532 3905 694 3990; x_wconf 83' lang='lat' dir='ltr'><strong>obligatus</strong></span> <span class='ocrx_word' id='word_1_386' title='bbox 716 3906 746 3969; x_wconf 92' lang='lat' dir='ltr'><strong>ei</strong></span> <span class='ocrx_word' id='word_1_387' title='bbox 768 3905 850 3969; x_wconf 90' lang='lat' dir='ltr'><strong>nihil</strong></span> <span class='ocrx_word' id='word_1_388' title='bbox 865 3926 962 3969; x_wconf 89' lang='lat' dir='ltr'><strong>eram.</strong></span> <span class='ocrx_word' id='word_1_389' title='bbox 1001 3905 1065 3969; x_wconf 83' lang='lat' dir='ltr'><strong>inv.</strong></span> <span class='ocrx_word' id='word_1_390' title='bbox 1081 3906 1111 3987; x_wconf 93' lang='grc'><strong>2,</strong></span> <span class='ocrx_word' id='word_1_391' title='bbox 1127 3905 1263 3985; x_wconf 73' lang='grc'><strong>5055111</strong></span> 
     </span>
     <span class='ocr_line' id='line_1_37' title="bbox 115 4005 1261 4092; baseline -0.001 -22"><span class='ocrx_word' id='word_1_392' title='bbox 115 4030 164 4071; x_wconf 90' lang='lat' dir='ltr'><strong>res</strong></span> <span class='ocrx_word' id='word_1_393' title='bbox 192 4028 262 4072; x_wconf 91' lang='lat' dir='ltr'><strong>cum</strong></span> <span class='ocrx_word' id='word_1_394' title='bbox 292 4028 327 4071; x_wconf 87' lang='grc'><strong>15</strong></span> <span class='ocrx_word' id='word_1_395' title='bbox 349 4007 475 4071; x_wconf 83' lang='grc'><strong>(11115151</strong></span> <span class='ocrx_word' id='word_1_396' title='bbox 496 4005 681 4092; x_wconf 83' lang='lat' dir='ltr'><strong>(„worin“).</strong></span> <span class='ocrx_word' id='word_1_397' title='bbox 725 4010 794 4091; x_wconf 91' lang='lat' dir='ltr'><strong>top.</strong></span> <span class='ocrx_word' id='word_1_398' title='bbox 817 4008 853 4091; x_wconf 91' lang='grc'><strong>6,</strong></span> <span class='ocrx_word' id='word_1_399' title='bbox 876 4008 918 4071; x_wconf 90' lang='grc'><strong>30</strong></span> <span class='ocrx_word' id='word_1_400' title='bbox 940 4009 1019 4088; x_wconf 81' lang='lat' dir='ltr'><strong>quid</strong></span> <span class='ocrx_word' id='word_1_401' title='bbox 1039 4006 1124 4070; x_wconf 90' lang='lat' dir='ltr'><strong>inter</strong></span> <span class='ocrx_word' id='word_1_402' title='bbox 1146 4027 1180 4069; x_wconf 90' lang='grc'><strong>55</strong></span> <span class='ocrx_word' id='word_1_403' title='bbox 1203 4006 1261 4069; x_wconf 83' lang='lat' dir='ltr'><strong>dil·</strong></span> 
     </span>
     <span class='ocr_line' id='line_1_38' title="bbox 113 4107 1261 4192; baseline -0.003 -19"><span class='ocrx_word' id='word_1_404' title='bbox 113 4110 229 4173; x_wconf 82' lang='lat' dir='ltr'><strong>serant.</strong></span> <span class='ocrx_word' id='word_1_405' title='bbox 274 4109 329 4174; x_wconf 86' lang='lat' dir='ltr'><strong>fin.</strong></span> <span class='ocrx_word' id='word_1_406' title='bbox 357 4111 394 4190; x_wconf 89' lang='grc'><strong>5,</strong></span> <span class='ocrx_word' id='word_1_407' title='bbox 420 4110 458 4173; x_wconf 92' lang='grc'><strong>15</strong></span> <span class='ocrx_word' id='word_1_408' title='bbox 486 4110 620 4190; x_wconf 87' lang='grc'><strong>5551115,</strong></span> <span class='ocrx_word' id='word_1_409' title='bbox 650 4109 726 4192; x_wconf 89' lang='lat' dir='ltr'><strong>quid</strong></span> <span class='ocrx_word' id='word_1_410' title='bbox 754 4110 853 4173; x_wconf 86' lang='lat' dir='ltr'><strong>simus</strong></span> <span class='ocrx_word' id='word_1_411' title='bbox 881 4111 914 4172; x_wconf 89' lang='lat' dir='ltr'><strong>et</strong></span> <span class='ocrx_word' id='word_1_412' title='bbox 939 4111 1018 4191; x_wconf 81' lang='lat' dir='ltr'><strong>quid</strong></span> <span class='ocrx_word' id='word_1_413' title='bbox 1044 4107 1261 4171; x_wconf 85' lang='lat' dir='ltr'><strong>animantibus</strong></span> 
     </span>
     <span class='ocr_line' id='line_1_39' title="bbox 113 4208 1260 4293; baseline 0.003 -19"><span class='ocrx_word' id='word_1_414' title='bbox 113 4211 227 4275; x_wconf 86' lang='lat' dir='ltr'><strong>ceteris</strong></span> <span class='ocrx_word' id='word_1_415' title='bbox 250 4210 441 4275; x_wconf 83' lang='lat' dir='ltr'><strong>differamus.</strong></span> <span class='ocrx_word' id='word_1_416' title='bbox 485 4210 578 4275; x_wconf 86' lang='lat' dir='ltr'><strong>Eheu</strong></span> <span class='ocrx_word' id='word_1_417' title='bbox 599 4233 649 4274; x_wconf 87' lang='lat' dir='ltr'><strong>so:</strong></span> <span class='ocrx_word' id='word_1_418' title='bbox 678 4212 804 4275; x_wconf 84' lang='lat' dir='ltr'><strong>differre</strong></span> <span class='ocrx_word' id='word_1_419' title='bbox 825 4210 924 4293; x_wconf 91' lang='lat' dir='ltr'><strong>nihil,</strong></span> <span class='ocrx_word' id='word_1_420' title='bbox 946 4210 1097 4292; x_wconf 89' lang='lat' dir='ltr'><strong>multum,</strong></span> <span class='ocrx_word' id='word_1_421' title='bbox 1120 4208 1260 4293; x_wconf 78' lang='lat' dir='ltr'><strong>paulum.</strong></span> 
     </span>
    </p>
   </div>
   <div class='ocr_carea' id='block_1_4' title="bbox 117 4311 1261 4395">
    <p class='ocr_par' dir='ltr' id='par_1_5' title="bbox 117 4311 1261 4395">
     <span class='ocr_line' id='line_1_40' title="bbox 117 4311 1261 4395; baseline -0.001 -17"><span class='ocrx_word' id='word_1_422' title='bbox 117 4352 153 4361; x_wconf 85' lang='lat'>—</span> <span class='ocrx_word' id='word_1_423' title='bbox 177 4315 226 4382; x_wconf 88' lang='lat' dir='ltr'><strong>ad.</strong></span> <span class='ocrx_word' id='word_1_424' title='bbox 248 4314 316 4378; x_wconf 85' lang='lat' dir='ltr'><strong>Att.</strong></span> <span class='ocrx_word' id='word_1_425' title='bbox 339 4314 375 4393; x_wconf 90' lang='grc'><strong>5,</strong></span> <span class='ocrx_word' id='word_1_426' title='bbox 401 4315 455 4393; x_wconf 92' lang='grc'><strong>17,</strong></span> <span class='ocrx_word' id='word_1_427' title='bbox 477 4315 498 4379; x_wconf 90' lang='grc'><strong>5</strong></span> <span class='ocrx_word' id='word_1_428' title='bbox 524 4313 551 4376; x_wconf 89' lang='grc'><strong>51</strong></span> <span class='ocrx_word' id='word_1_429' title='bbox 580 4314 754 4395; x_wconf 76' lang='lat' dir='ltr'><strong>quidquam</strong></span> <span class='ocrx_word' id='word_1_430' title='bbox 782 4335 832 4378; x_wconf 90' lang='lat' dir='ltr'><strong>me</strong></span> <span class='ocrx_word' id='word_1_431' title='bbox 860 4334 956 4378; x_wconf 88' lang='lat' dir='ltr'><strong>amas.</strong></span> <span class='ocrx_word' id='word_1_432' title='bbox 1001 4311 1095 4377; x_wconf 87' lang='lat' dir='ltr'><strong>Rosc.</strong></span> <span class='ocrx_word' id='word_1_433' title='bbox 1124 4313 1195 4377; x_wconf 81' lang='lat' dir='ltr'><strong>hm.</strong></span> <span class='ocrx_word' id='word_1_434' title='bbox 1218 4313 1261 4377; x_wconf 90' lang='grc'><strong>50</strong></span> 
     </span>
    </p>
   </div>
   <div class='ocr_carea' id='block_1_5' title="bbox 115 4413 1380 4502">
    <p class='ocr_par' dir='ltr' id='par_1_6' title="bbox 115 4413 1380 4502">
     <span class='ocr_line' id='line_1_41' title="bbox 115 4413 1380 4502; baseline 0.002 -22"><span class='ocrx_word' id='word_1_435' title='bbox 115 4417 191 4497; x_wconf 73' lang='lat' dir='ltr'><strong>quid</strong></span> <span class='ocrx_word' id='word_1_436' title='bbox 213 4415 358 4502; x_wconf 73' lang='lat' dir='ltr'><strong>(worm)</strong></span> <span class='ocrx_word' id='word_1_437' title='bbox 393 4414 453 4478; x_wconf 87' lang='lat' dir='ltr'><strong>tibi</strong></span> <span class='ocrx_word' id='word_1_438' title='bbox 487 4413 600 4479; x_wconf 82' lang='lat' dir='ltr'><strong>obsto?</strong></span> <span class='ocrx_word' id='word_1_439' title='bbox 644 4436 675 4499; x_wconf 89' lang='lat' dir='ltr'><strong>p.</strong></span> <span class='ocrx_word' id='word_1_440' title='bbox 705 4413 813 4499; x_wconf 91' lang='lat' dir='ltr'><strong>Dejot.</strong></span> <span class='ocrx_word' id='word_1_441' title='bbox 845 4416 884 4481; x_wconf 85' lang='lat'><strong>13</strong></span> <span class='ocrx_word' id='word_1_442' title='bbox 914 4437 955 4479; x_wconf 89' lang='lat' dir='ltr'><strong>ne</strong></span> <span class='ocrx_word' id='word_1_443' title='bbox 987 4413 1048 4479; x_wconf 91' lang='lat' dir='ltr'><strong>tibi</strong></span> <span class='ocrx_word' id='word_1_444' title='bbox 1075 4413 1259 4479; x_wconf 82' lang='lat' dir='ltr'><strong>Deiotarum</strong></span> <span class='ocrx_word' id='word_1_445' title='bbox 1372 4467 1380 4482; x_wconf 89' lang='lat'><strong>.</strong></span> 
     </span>
    </p>
   </div>
   <div class='ocr_carea' id='block_1_6' title="bbox 0 0 1546 5064">
    <p class='ocr_par' dir='ltr' id='par_1_7' title="bbox 0 0 1546 5064">
     <span class='ocr_line' id='line_1_42' title="bbox 0 0 1546 5064; baseline 0 2"><span class='ocrx_word' id='word_1_446' title='bbox 0 0 1546 5064; x_wconf 95' lang='lat' dir='ltr'><strong> </strong></span> 
     </span>
    </p>
   </div>
  </div>
 </body>
</html>
