3000 5054
578 331 805 396 „605-

18 559 22 568 ⁸
118 483 241 550 Dareus
269 476 421 569 ge'staltet
447 483 514 548 sich
543 505 609 547 nun
639 485 711 548 eine
738 483 989 569 manniglaltige
1018 483 1258 569 Phraseologie:

118 587 222 656 Plaut.
246 588 337 651 Asin.
359 585 439 671 prol.
465 587 504 649 12
526 585 553 649 si
574 607 632 670 per
654 608 711 651 vos
734 586 818 650 lieet.
857 584 931 649 Ter.
949 586 1010 649 Ad.
1036 588 1063 669 l,
1081 586 1110 664 2,
1127 586 1168 651 28
1192 607 1263 650 eum

119 713 151 773 p.
174 692 312 758 aetutem
335 688 419 752 lieet.
464 687 538 753 cic.
561 687 656 752 Ruso.
680 689 754 752 Am.
782 687 825 750 44
853 687 880 750 si
902 710 932 771 p.
957 710 1012 752 vos
1043 687 1167 751 licitum
1191 687 1262 751 erit.

119 790 213 855 Ohne
236 790 392 856 Verbum:
415 790 469 856 fin.
492 790 521 866 2,
537 790 578 853 28
600 793 813 874 consequatur
835 812 973 854 summas
994 789 1176 873 voluptates
1198 810 1265 853 non

119 893 212 956 modo
234 914 348 977 parvo,
377 891 432 956 sed
462 912 519 975 per
546 912 597 954 me
621 889 928 977 („m'einetwagen“)
950 890 1071 972 nihilo,
1101 892 1127 954 si
1150 894 1264 975 potest.

119 1032 159 1041 —
188 993 280 1057 Verr.
313 992 357 1076 II,
382 997 410 1075 1,
437 993 475 1056 12
509 1014 604 1057 omne
637 992 715 1056 illud
749 979 875 1076 tempus
903 1030 944 1039 -
978 991 1096 1056 habeat
1127 1014 1184 1075 per
1214 1013 1265 1056 me

119 1096 257 1160 solutum
280 1117 318 1160 ao
347 1094 491 1161 liberum.
514 1133 555 1142 -
578 1093 640 1158 Mit
659 1115 762 1176 posse:
790 1093 862 1158 Ter.
886 1093 969 1158 Eun.
995 1099 1023 1177 l,
1045 1095 1075 1172 2,
1098 1093 1264 1177 3211111

120 1198 242 1262 sciebat
270 1218 372 1280 neque
394 1219 424 1280 p.
448 1200 584 1260 aetatem
607 1196 704 1260 etiam
733 1199 892 1280 potuerat.
937 1194 1016 1263 Cic.
1038 1195 1115 1258 fam.
1143 1196 1191 1277 13,
1212 1195 1264 1271 29,

118 1300 197 1364 311
218 1300 356 1383 primum
378 1320 409 1381 p.
432 1302 571 1362 aetatem
588 1297 740 1362 indicium
763 1298 869 1361 faeere
891 1297 1044 1381 potueris.
1084 1297 1168 1378 16,7
1192 1318 1263 1360 oum

118 1400 281 1465 commode
297 1403 329 1464 et
344 1422 375 1483 p.
398 1400 613 1464 valetudinem
629 1403 661 1463 et
676 1423 708 1484 p.
732 1399 810 1463 anni
824 1403 950 1481 tempus
965 1399 1123 1483 navigare
1132 1400 1262 1481 poteris.

119 1525 151 1585 p.
180 1501 283 1566 domo*
311 1505 351 1566 13
380 1502 469 1566 euius
497 1524 555 1586 per
587 1505 723 1566 aetatem
752 1505 844 1585 pater
871 1522 940 1566 esse
969 1501 1109 1585 potuisti.
1158 1498 1265 1566 Caes.

121 1603 152 1666 b.
176 1624 206 1687 g.
229 1605 260 1686 3,
282 1604 302 1666 9
323 1625 395 1668 curn
418 1604 557 1687 primum
578 1626 609 1687 p.
633 1604 710 1668 anni
732 1608 858 1687 tempus
881 1605 996 1688 potuit.
1029 1604 1070 1681 ’7,
1095 1603 1133 1664 71
1157 1601 1211 1685 qui
1234 1623 1264 1684 p.

121 1708 258 1768 aetatem
293 1726 381 1769 arma
413 1705 497 1778 ferre
528 1705 662 1789 possint.
714 1704 795 1790 (Liv.
831 1707 867 1783 3.
894 1705 963 1787 42.)
1012 1703 1088 1768 Sall.
1120 1702 1197 1787 Jug.
1225 1704 1267 1766 64

122 1806 176 1870 111
206 1807 343 1889 primum
371 1806 529 1890 potuisset
555 1829 585 1889 p.
616 1807 746 1891 negotia
774 1806 909 1890 publiea.
954 1806 1018 1870 Per
1046 1827 1094 1870 me
1119 1811 1184 1871 stat
1211 1826 1266 1881 „es

122 1906 226 1992 hangt
264 1930 326 1972 von
360 1909 421 1971 mir
452 1908 538 1991 ab“,
573 1908 606 1972 in
637 1908 721 1971 allen
752 1907 862 1971 Zeiten
899 1907 1087 1990 gebraucht.
1146 1906 1266 1971 Stellen

121 2010 212 2093 giebt
240 2008 356 2073 Klotz
378 2009 454 2074 Lex.
482 2009 514 2077 S.
540 2010 629 2074 1428.
659 2046 697 2056 -
724 2009 794 2073 Liv.
820 2009 868 2090 10,
895 2010 936 2072 25
962 2009 988 2072 si
1012 2031 1047 2091 p.
1073 2009 1267 2073 commodum

120 2114 197 2193 reip.
219 2109 291 2193 11111
312 2115 430 2194 posset.
475 2110 780 2188 911111112217.
809 2112 866 2187 31,
891 2112 938 2177 11.
967 2111 1024 2191 37,
1046 2111 1096 2174 50.
1143 2109 1265 2192 (Eltwas

122 2212 253 2294 anders,
282 2212 387 2275 modal
415 2211 479 2275 und
507 2212 697 2276 adverbiell:
728 2212 784 2293 30,
807 2211 850 2274 29
876 2213 960 2277 satin
983 2233 1040 2295 per
1068 2211 1266 2275 commodum

123 2315 232 2379 omnia
258 2314 492 2398 explorassent.
537 2315 595 2397 42,
620 2314 658 2378 18
681 2315 735 2377 ubi
762 2313 873 2379 consul
897 2353 936 2361 -
960 2313 1068 2396 copias
1095 2336 1127 2396 p.
1152 2335 1265 2376 comm.

122 2438 279 2500 exponere
301 2415 434 2501 posset.)

207 2518 270 2582 lllit
295 2518 325 2584 N
334 2519 514 2602 egation:
543 2516 609 2582 cic.
639 2540 727 2601 prov.
757 2539 842 2582 cons.
868 2518 906 2581 18
935 2518 963 2581 si
991 2518 1070 2581 milri
1098 2539 1162 2582 aon
1191 2517 1268 2582 lieet

122 2641 180 2703 per
202 2619 326 2703 aliquos
354 2622 400 2683 ita
426 2620 564 2704 gloriari.
602 2620 637 2683 in
659 2619 724 2684 Pis.
746 2620 766 2683 8
788 2620 820 2683 id
843 2620 882 2683 iis
904 2642 971 2684 non
994 2620 1089 2683 111111
1111 2643 1141 2704 p.
1171 2620 1267 2684 inter-

122 2722 208 2786 dicta
235 2720 433 2785 crudelitatis
461 2727 545 2787 tuae.
590 2722 652 2806 leg.
676 2722 761 2788 Man.
787 2724 800 2782 l
827 2743 902 2795 cum
921 2725 1015 2786 antea
1043 2744 1101 2805 per
1128 2724 1265 2785 aetatem

123 2823 263 2887 nondum
287 2863 324 2871 —
349 2824 507 2888 auderem.

207 2925 276 2990 Liv.
299 2928 329 3011 3,
345 2926 385 2989 41
402 2928 429 2990 si
452 2927 486 2990 in
508 2930 621 2990 senatu
644 2949 675 3010 p.
691 2926 865 2990 factionem
887 2946 954 2989 non
969 2924 1074 2989 lineat.
1090 2927 1121 3003 5,
1139 2926 1265 2988 12111]

122 3027 276 3091 tributum
292 3028 431 3092 conferri
454 3051 485 3112 p.
505 3029 651 3092 tribunos
674 3049 739 3092 non
755 3032 871 3111 posset.
889 3027 919 3105 8,
938 3027 975 3089 12
998 3049 1028 3109 p.
1051 3026 1265 3090 valetudinem

128 3166 160 3174 —
193 3129 367 3212 nequierat.
410 3132 461 3210 33,
490 3130 536 3209 18,
560 3130 610 3192 22.
659 3129 746 3194 (lurt.
775 3131 803 3210 7,
827 3130 898 3205 8,7
928 3149 988 3191 neo
1015 3149 1071 3190 rex
1099 3127 1204 3190 dicere
1236 3149 1265 3209 p.

124 3229 339 3294 valetudinem
361 3231 477 3313 potuit.

210 3333 241 3394 5.
269 3329 308 3395 In
330 3330 665 3395 Schwnrformeln
689 3351 763 3415 mag
780 3353 841 3413 per
863 3329 1018 3394 ebeulalls
1041 3330 1265 3414 ursprtinglieh

124 3433 437 3497 instrumentale
459 3433 652 3517 Bedentung
673 3433 796 3517 gehabt
816 3431 932 3497 haben.
976 3431 1081 3495 Plaut.
1098 3431 1188 3495 Asin.
1204 3431 1268 3495 279

125 3556 182 3617 per
208 3533 320 3597 Jovem
349 3535 427 3597 iuro.
473 3534 659 3619 lligentlinh
689 3535 771 3599 also:
805 3533 905 3598 durch
931 3533 1059 3618 Jupiter
1085 3539 1179 3618 muge
1206 3534 1268 3596 mir

123 3635 276 3719 geholfen
299 3636 389 3718 (oder
418 3636 606 3722 geschadet)
628 3636 765 3702 werden.
810 3635 887 3701 Dies
910 3636 995 3700 ward
1018 3658 1085 3699 nun
1109 3635 1190 3699 auch
1212 3634 1271 3698 anf

124 3736 286 3801 sliohliche
316 3736 449 3820 Objeote
479 3739 681 3823 iibertragen.
726 3737 807 3801 Eine
836 3737 942 3802 reiohe
964 3736 1153 3821 Sammlung
1180 3737 1270 3822 giebt

124 3838 218 3902 Hand
240 3837 288 3902 IV
310 3838 341 3903 S.
364 3842 437 3923 440,
459 3842 489 3904 5.

208 3943 238 4005 6.
277 3939 346 4006 ,Die
375 3942 531 4005 modale
560 3940 753 4026 Bedeutung
781 3963 843 4005 von
867 3963 927 4023 per
955 3943 997 4006 ist
1023 3943 1072 4005 oft
1092 3943 1184 4005 nieht
1207 3965 1268 4006 von

125 4043 181 4107 der
218 4044 485 4109 instrumentalen
525 4067 562 4108 nu
602 4042 858 4109 unterseheiden.
912 4042 1147 4127 Ursprdnglieh
1182 4046 1267 4106 ward

124 4145 225 4208 damit
260 4145 344 4209 wohl
386 4168 448 4210 nur
490 4146 540 4209 die
577 4144 684 4210 Dauer
726 4145 814 4208 eines
851 4143 1027 4208 Zustandes
1069 4145 1267 4228 angegeben,

125 4246 274 4311 wahrend
304 4247 416 4311 dassen
445 4251 544 4311 etwas
572 4247 750 4332 geschieht.
795 4245 899 4309 Plaut.
927 4245 997 4309 Mil.
1022 4245 1085 4308 979
1112 4249 1161 4308 11
1175 4246 1269 4310 11111

124 4369 180 4428 per
207 4349 353 4432 gratiam.
400 4349 482 4412 1125
510 4372 541 4433 p.
570 4350 707 4434 gratiam
734 4349 851 4412 bonam
881 4347 974 4412 abeat
1002 4348 1059 4411 abs
1088 4353 1129 4410 te.
1175 4346 1267 4413 Truc.

129 4452 160 4532 l,
183 4450 212 4532 2,
238 4451 275 4513 11
295 4473 328 4533 p.
352 4452 488 4516 torulum
511 4458 539 4516 et
560 4454 669 4518 ludum
692 4453 828 4535 (uuter
850 4448 966 4514 Schera
989 4472 1017 4512 u.
1040 4448 1154 4534 Spiel).
1200 4450 1266 4516 cie.
