2932 5070
457 272 768 360 ’.41-

93 474 129 514 ru
151 450 423 535 ergfsnzendes
446 449 594 532 Subjeet:
619 447 697 513 Cic.
721 446 813 516 Verr.
836 450 866 531 2,
892 451 940 526 13,
963 451 1004 514 33
1028 451 1239 516 haecomnia
1303 429 1308 434 .
1332 423 1337 427 .

91 553 151 616 isto
178 556 330 635 praetore
357 573 423 616 non
454 552 547 615 modo
575 550 776 633 perturbata.
806 552 859 614 sed
889 550 984 634 plane
1014 557 1047 615 et
1069 551 1185 617 Siculis
1207 557 1240 617 et

90 654 209 718 civibus
237 653 393 718 Romanis
425 656 549 737 erepta:
579 651 718 735 primum
747 671 826 718 serae
853 653 942 737 leges
972 656 1025 733 (=
1049 676 1122 718 suas
1151 656 1238 741 leges

89 756 291 840 amiserunt).
336 757 386 819 ad.
402 756 472 818 Att.
489 755 519 836 6,
535 747 600 837 237
624 774 690 817 non
713 753 821 818 destiti
845 775 959 838 rogare
982 759 1015 819 et
1036 759 1144 839 petere
1167 779 1239 822 mea

88 879 193 939 causa,
216 858 352 921 suadere
375 860 407 921 et
429 855 551 920 hortari
573 877 640 919 sua.
659 893 696 902 -
714 854 793 918 Liv.
819 856 847 935 7,
863 856 906 918 29
922 854 1078 941 Campani
1104 896 1138 904 —
1166 880 1237 922 curn

86 959 202 1024 robore
239 958 416 1023 iuventutis
448 979 524 1021 snae
558 957 663 1021 acciso
697 955 787 1021 nulla
819 957 1002 1041 propinqua
1036 980 1108 1042 spes
1142 971 1237 1043 esset,
1349 1009 1351 1015 .

87 1062 191 1126 coacti
212 1064 292 1125 sunt
313 1060 353 1124 ab
374 1058 529 1124 Romanis
551 1062 660 1143 petere
683 1058 846 1126 auxilium.
884 1060 993 1142 37,12
1016 1060 1125 1124 multis
1146 1062 1237 1125 nobi-

86 1163 170 1227 libus
192 1162 312 1227 secutis
334 1163 420 1226 inter
442 1165 548 1225 cetera
570 1160 791 1225 auctoritatem
815 1159 1023 1242 Pausistrati,
1051 1183 1131 1245 quae
1154 1164 1238 1228 inter

86 1286 159 1329 suos
182 1266 299 1329 merito
321 1264 460 1327 maxima
483 1265 559 1332 erat,
598 1284 646 1346 cp.
667 1264 708 1326 41
733 1262 778 1325 sic
798 1267 936 1326 armatas
959 1262 1140 1348 quadrigas,
1163 1265 1238 1348 quia
1280 1300 1284 1307 ·

87 1404 125 1414 -
141 1388 201 1450 per
223 1388 297 1430 suos
320 1364 464 1450 agendae
480 1367 587 1446 erant,
610 1365 644 1427 in
660 1365 764 1448 prima
779 1363 847 1427 acie
869 1363 1029 1428 locaverat
1045 1386 1110 1429 rex.
1150 1367 1201 1447 38,
1217 1367 1237 1430 2

86 1490 157 1533 cum
180 1468 305 1531 duobus
328 1465 468 1530 millibus
491 1467 705 1544 Athenarum,
728 1465 812 1549 quod
835 1487 933 1528 unum
956 1487 975 1529 a
996 1467 1156 1549 pracsidio
1179 1490 1236 1533 suo

86 1573 246 1633 retentum
267 1568 384 1651 fuerat,
406 1568 563 1651 pervenit.
601 1567 651 1645 39,
668 1567 709 1631 33
732 1566 816 1650 quod
839 1587 913 1630 vero
936 1566 1032 1630 etiam
1055 1590 1112 1632 sua
1134 1570 1236 1634 reddi-

87 1670 192 1735 derint
216 1670 299 1750 (scil.
323 1670 387 1752 iis).
433 1667 520 1734 Sen.
544 1669 629 1732 brev.
654 1667 708 1731 vit.
736 1666 820 1744 16,2
842 1671 875 1730 at
896 1667 976 1732 illud
991 1672 1127 1754 tempuS,
1151 1673 1236 1756 quod

87 1776 212 1854 amant,
243 1773 339 1836 breve
367 1775 416 1835 est
443 1774 475 1834 et
502 1792 654 1855 praeceps
677 1769 867 1852 breviusque
889 1770 991 1834 multo
1013 1772 1051 1834 fit
1072 1794 1130 1836 suo
1152 1776 1184 1852 (i.
1208 1797 1235 1839 e.

88 1874 277 1956 amantium)
307 1873 397 1942 vitio.
440 1872 479 1937 In
506 1873 569 1937 den
595 1871 732 1936 meisten
759 1869 861 1934 dieser
891 1870 1013 1936 Stellen
1042 1873 1132 1938 kann
1160 1876 1236 1940 aber

88 1999 159 2040 suus
180 1974 288 2060 gleich
311 1975 459 2058 proprius
481 1974 605 2059 gefasst
627 1972 771 2056 werden,
794 1993 819 2034 s.
843 1970 901 2036 Nr.
924 1972 954 2040 k.

168 2078 204 2162 k)
227 2077 315 2143 Suus
336 2077 381 2140 im
405 2075 605 2160 Gegensatze
628 2098 667 2139 zu
690 2076 830 2156 alienus,
854 2073 1003 2139 bedeutet
1024 2077 1156 2161 „eigen,
1181 2101 1233 2143 zu-

89 2179 267 2260 tommend,
290 2177 438 2261 passend,
462 2177 627 2262 gtinstig.“
664 2176 791 2242 Plaut.
806 2174 891 2240 Men.
908 2176 988 2259 prol.
1016 2178 1054 2241 19
1070 2178 1116 2242 ita
1130 2178 1235 2244 forma

89 2280 180 2345 simili
214 2280 321 2364 pueri,
354 2280 401 2343 uti
435 2283 536 2343 mater
568 2300 625 2343 sua
656 2300 723 2343 non
756 2280 937 2344 internosse
969 2285 1088 2362 posset.
1145 2280 1233 2347 Trin.

89 2384 115 2460 2,
130 2383 160 2463 2,
176 2383 220 2447 34
241 2403 306 2446 neu
329 2403 420 2446 suum
436 2380 609 2445 adimerem
625 2381 728 2445 alteri.
745 2419 786 2428 -
803 2381 912 2447 Cato
936 2403 962 2445 r.
986 2404 1012 2445 r.
1037 2383 1054 2445 7
1071 2383 1106 2446 in
1122 2385 1233 2449 eodem

89 2485 184 2548 fundo
207 2506 300 2547 suuni
317 2483 470 2567 quidquid
493 2484 617 2547 conseri
632 2487 758 2567 oportet
780 2483 898 2567 („alles
914 2483 1011 2548 dahiu
1027 2486 1231 2572 passende“).

89 2608 132 2670 cp.
147 2587 189 2651 33
212 2586 363 2649 salictum
386 2606 442 2649 suo
458 2589 602 2668 tempore
618 2584 752 2649 caedito
790 2585 833 2649 48
848 2606 940 2649 suum
963 2586 1115 2670 quidquid
1130 2608 1232 2672 genus

89 2688 239 2752 talearum
266 2687 374 2751 serito.
399 2724 437 2733 --
461 2685 535 2751 Cic.
565 2685 630 2749 inv.
654 2688 683 2766 2,
707 2686 749 2750 49
770 2707 900 2769 operam
929 2686 1005 2751 dare
1032 2692 1069 2760 ut
1097 2710 1154 2753 sua
1180 2691 1231 2754 lex

87 2791 152 2872 ipso
173 2788 297 2872 scripto
321 2788 466 2852 videatur
491 2787 563 2851 niti.
588 2785 669 2852 Sest.
711 2789 752 2853 68
774 2786 860 2852 hune
882 2789 931 2851 sui
953 2789 1038 2853 aives
1061 2811 1077 2853 e
1101 2791 1231 2856 civitate

87 2891 254 2956 eiecerunt.
309 2912 343 2953 n.
370 2890 400 2955 d.
435 2890 535 2968 3,.13
568 2910 649 2973 quae
685 2911 778 2954 suum
815 2889 927 2974 cuique
965 2889 1137 2956 distribuit.
1174 2893 1230 2957 fin.

86 2994 113 3075 3,
135 2993 165 3076 9,
188 2992 231 3056 23
253 3013 313 3056 sua
335 2991 486 3075 cuiusque
510 2990 683 3055 animantis
706 2993 825 3055 natura
847 2995 906 3055 est.
945 2995 974 3073 §-
998 2993 1039 3056 26
1056 2994 1230 3064 ι3013663111

85 3099 187 3173 autern
209 3114 302 3157 suam
324 3093 477 3177 cuiusque
499 3092 578 3157 artis
607 3114 686 3157 esse.
725 3115 756 3157 n.
780 3092 810 3156 d.
833 3094 863 3173 3,
887 3094 905 3156 7
929 3083 1000 3157 leco
1023 3116 1091 3161 suo,
1133 3095 1229 3163 -Rose
1263 3153 1268 3161 ,

88 3199 154 3263 Am.
173 3196 212 3260 18
236 3216 311 3260 suos
334 3195 420 3259 enim
443 3215 539 3277 agros
562 3193 703 3259 studiose
726 3194 885 3272 colebant,
907 3216 974 3259 non
993 3195 1114 3259 alienos
1136 3218 1229 3280 appe-

87 3298 203 3364 tebant.
247 3297 320 3363 Sui
341 3296 421 3378 „die
432 3296 685 3381 Angehdrigen“
707 3296 746 3360 de
769 3317 814 3361 or.
837 3297 869 3379 3,
892 3297 912 3360 2
933 3297 997 3360 fuit
1024 3296 1086 3361 hoe
1110 3296 1229 3362 luctuo-

87 3422 150 3462 sum
173 3400 248 3464 suis.
300 3398 393 3463 uben
416 3419 451 3462 so
472 3397 540 3462 Liv.
565 3421 595 3462 u.
625 3397 703 3482 Spp.
730 3436 765 3446 —
791 3399 829 3461 de
852 3419 898 3461 0r.
921 3399 951 3480 3,
974 3399 1016 3462 40
1042 3398 1077 3461 in
1099 3420 1228 3464 suorum

89 3501 250 3565 verborum
274 3501 414 3565 maxima
437 3499 539 3583 copia.
566 3536 601 3546 -
626 3499 729 3565 Caes.
754 3500 782 3564 b.
808 3521 836 3564 c.
861 3503 887 3583 1,
903 3500 944 3563 22
967 3504 1002 3564 ut
1024 3498 1172 3584 expulsos
1194 3501 1228 3566 in

88 3625 170 3666 suam
199 3603 392 3687 dignitatem
422 3602 613 3668 restitueret.
645 3638 682 3648 —
706 3600 798 3667 Sall.
821 3601 890 3667 Cat.
919 3602 961 3665 33
989 3602 1054 3665 suis
1082 3601 1229 3686 filiaeque

88 3705 192 3788 copiis.
231 3705 301 3788 Ing.
323 3705 366 3767 34
387 3708 418 3768 et
441 3703 495 3787 qui
517 3724 575 3767 sua
598 3702 668 3767 loca
692 3706 750 3784 (=
766 3704 825 3767 sibi
842 3707 1034 3787 opportuna)
1059 3702 1228 3768 defendere

89 3807 285 3889 nequiverat,
313 3806 347 3869 in
375 3804 490 3870 alienis
518 3805 637 3869 bellum
671 3826 791 3889 gerere.
834 3806 873 3870 61
904 3826 1006 3889 neque
1033 3804 1228 3890 Jugurtham

89 3907 145 3970 nisi
173 3930 213 3972 ex
238 3907 365 3971 insidiis
393 3911 448 3971 aut
470 3928 527 3971 suo
550 3906 620 3970 loco
649 3928 790 3991 pugnam
815 3907 930 3972 facere.
967 3906 1008 3970 66
1032 3907 1228 3971 communire

90 4030 156 4073 suos
177 4009 272 4073 locos.
311 4008 350 4072 ln
365 4009 483 4073 diesem
499 4007 599 4073 Sinue
620 4008 792 4091 allgemein
815 4006 1058 4092 gebriiuchlich:
1080 4029 1137 4074 suo
1152 4009 1226 4091 loce,

89 4114 229 4193 tempore,
254 4131 357 4191 anno,
380 4113 457 4176 iure.
483 4147 519 4158 -
543 4109 635 4195 Virg.
660 4109 698 4174 G.
721 4111 752 4193 4,
775 4111 817 4173 22
841 4132 912 4174 vere
935 4132 1002 4174 suo.
1049 4110 1110 4174 190
1131 4132 1228 4195 sopor

91 4233 167 4277 suus.
212 4211 290 4276 Liv.
319 4212 371 4293 22,
394 4213 435 4276 39
462 4233 566 4295 neque
593 4212 753 4276 occasioni
784 4215 856 4276 tuae
887 4211 971 4276 desis
1005 4234 1108 4297 neque
1136 4234 1227 4278 suam

90 4314 281 4378 occasionem
305 4314 391 4377 hosti
413 4313 479 4378 des.
515 4314 567 4396 23,
590 4314 630 4377 41
645 4295 805 4398 'aestuque
832 4336 890 4378 suo
913 4315 969 4397 (τε
992 4313 1145 4400 secundo)
1167 4314 1227 4379 Lo-

92 4434 154 4479 cros
176 4413 316 4480 traiecit.
352 4415 383 4499 4,
400 4417 416 4480 1
433 4437 491 4479 sua
512 4419 657 4502 tempora
673 4419 866 4499 exspectare.
904 4416 933 4494 4,
949 4415 990 4480 38
1011 4437 1068 4481 sua
1089 4415 1225 4481 occasio.
