<?xml version="1.0" encoding="UTF-8"?>
<!DOCTYPE html PUBLIC "-//W3C//DTD XHTML 1.0 Transitional//EN"
    "http://www.w3.org/TR/xhtml1/DTD/xhtml1-transitional.dtd">
<html xmlns="http://www.w3.org/1999/xhtml" xml:lang="en" lang="en">
 <head>
  <title>
</title>
<meta http-equiv="Content-Type" content="text/html;charset=utf-8" />
  <meta name='ocr-system' content='tesseract 3.04.00' />
  <meta name='ocr-capabilities' content='ocr_page ocr_carea ocr_par ocr_line ocrx_word'/>
</head>
<body>
  <div class='ocr_page' id='page_1' title='image "./historischesynt03draegoog/historischesynt03draegoog_0228.png"; bbox 0 0 2948 5048; ppageno 0'>
   <div class='ocr_carea' id='block_1_1' title="bbox 675 330 904 395">
    <p class='ocr_par' dir='ltr' id='par_1_1' title="bbox 675 330 904 395">
     <span class='ocr_line' id='line_1_1' title="bbox 675 330 904 395; baseline 0 -1"><span class='ocrx_word' id='word_1_1' title='bbox 675 330 904 395; x_wconf 68' lang='lat'>—188-</span> 
     </span>
    </p>
   </div>
   <div class='ocr_carea' id='block_1_2' title="bbox 213 477 1369 1189">
    <p class='ocr_par' dir='ltr' id='par_1_2' title="bbox 213 477 1369 878">
     <span class='ocr_line' id='line_1_2' title="bbox 213 477 1367 568; baseline -0.01 -15"><span class='ocrx_word' id='word_1_2' title='bbox 213 510 286 553; x_wconf 92' lang='lat' dir='ltr'>nem</span> <span class='ocrx_word' id='word_1_3' title='bbox 309 508 415 552; x_wconf 84' lang='lat' dir='ltr'>secum</span> <span class='ocrx_word' id='word_1_4' title='bbox 438 486 602 550; x_wconf 91' lang='lat' dir='ltr'>dederunt.</span> <span class='ocrx_word' id='word_1_5' title='bbox 639 507 672 568; x_wconf 85' lang='lat' dir='ltr'>p.</span> <span class='ocrx_word' id='word_1_6' title='bbox 687 483 770 548; x_wconf 88' lang='lat' dir='ltr'>Mur.</span> <span class='ocrx_word' id='word_1_7' title='bbox 794 484 835 547; x_wconf 90' lang='grc'>28</span> <span class='ocrx_word' id='word_1_8' title='bbox 858 483 950 547; x_wconf 86' lang='lat' dir='ltr'>venio</span> <span class='ocrx_word' id='word_1_9' title='bbox 966 503 1051 546; x_wconf 90' lang='lat' dir='ltr'>nunc</span> <span class='ocrx_word' id='word_1_10' title='bbox 1073 480 1113 544; x_wconf 89' lang='lat' dir='ltr'>ad</span> <span class='ocrx_word' id='word_1_11' title='bbox 1130 479 1174 546; x_wconf 90' lang='lat' dir='ltr'>M.</span> <span class='ocrx_word' id='word_1_12' title='bbox 1191 477 1367 560; x_wconf 89' lang='lat' dir='ltr'>Catonem,</span> 
     </span>
     <span class='ocr_line' id='line_1_3' title="bbox 213 581 1369 676; baseline 0.006 -22"><span class='ocrx_word' id='word_1_13' title='bbox 213 590 298 674; x_wconf 91' lang='lat' dir='ltr'>quod</span> <span class='ocrx_word' id='word_1_14' title='bbox 320 592 370 653; x_wconf 89' lang='lat' dir='ltr'>est</span> <span class='ocrx_word' id='word_1_15' title='bbox 399 589 636 652; x_wconf 90' lang='lat' dir='ltr'>firmamentum</span> <span class='ocrx_word' id='word_1_16' title='bbox 659 589 716 651; x_wconf 87' lang='lat' dir='ltr'>ctt.</span> <span class='ocrx_word' id='word_1_17' title='bbox 739 584 823 650; x_wconf 87' lang='lat' dir='ltr'><strong>Phil.</strong></span> <span class='ocrx_word' id='word_1_18' title='bbox 845 585 875 664; x_wconf 84' lang='lat'>5,</span> <span class='ocrx_word' id='word_1_19' title='bbox 901 589 941 652; x_wconf 89' lang='grc'>14</span> <span class='ocrx_word' id='word_1_20' title='bbox 961 588 1114 676; x_wconf 93' lang='lat' dir='ltr'>Pompeio</span> <span class='ocrx_word' id='word_1_21' title='bbox 1137 582 1247 662; x_wconf 61' lang='lat' dir='ltr'>palmi</span> <span class='ocrx_word' id='word_1_22' title='bbox 1281 581 1369 666; x_wconf 90' lang='lat' dir='ltr'>quod</span> 
     </span>
     <span class='ocr_line' id='line_1_4' title="bbox 213 683 1367 779; baseline 0.011 -23"><span class='ocrx_word' id='word_1_23' title='bbox 213 691 339 775; x_wconf 90' lang='lat' dir='ltr'>imperii</span> <span class='ocrx_word' id='word_1_24' title='bbox 363 726 400 737; x_wconf 88' lang='lat'>—-</span> <span class='ocrx_word' id='word_1_25' title='bbox 424 691 533 753; x_wconf 90' lang='lat' dir='ltr'>lumen</span> <span class='ocrx_word' id='word_1_26' title='bbox 555 689 627 771; x_wconf 89' lang='lat' dir='ltr'>fuit,</span> <span class='ocrx_word' id='word_1_27' title='bbox 652 689 830 779; x_wconf 68' lang='lat' dir='ltr'>exstincto.¹</span> <span class='ocrx_word' id='word_1_28' title='bbox 859 689 895 753; x_wconf 89' lang='lat' dir='ltr'>in</span> <span class='ocrx_word' id='word_1_29' title='bbox 919 689 980 755; x_wconf 87' lang='lat' dir='ltr'>Pis.</span> <span class='ocrx_word' id='word_1_30' title='bbox 1003 693 1046 758; x_wconf 84' lang='lat'>24</span> <span class='ocrx_word' id='word_1_31' title='bbox 1067 697 1186 763; x_wconf 87' lang='lat' dir='ltr'>iustam</span> <span class='ocrx_word' id='word_1_32' title='bbox 1208 683 1367 768; x_wconf 67' lang='lat' dir='ltr'>gl⁰fiffl1b</span> 
     </span>
     <span class='ocr_line' id='line_1_5' title="bbox 213 789 1024 878; baseline 0.004 -20"><span class='ocrx_word' id='word_1_33' title='bbox 213 794 267 878; x_wconf 90' lang='lat' dir='ltr'>qui</span> <span class='ocrx_word' id='word_1_34' title='bbox 290 796 339 858; x_wconf 88' lang='lat' dir='ltr'>est</span> <span class='ocrx_word' id='word_1_35' title='bbox 361 791 483 856; x_wconf 84' lang='lat' dir='ltr'>fructus</span> <span class='ocrx_word' id='word_1_36' title='bbox 504 812 598 854; x_wconf 82' lang='lat' dir='ltr'>verae</span> <span class='ocrx_word' id='word_1_37' title='bbox 620 789 748 855; x_wconf 89' lang='lat' dir='ltr'>virtutis</span> <span class='ocrx_word' id='word_1_38' title='bbox 770 790 1024 861; x_wconf 88' lang='lat' dir='ltr'>honestissimus.</span> 
     </span>
    </p>

    <p class='ocr_par' dir='ltr' id='par_1_3' title="bbox 213 890 1368 1189">
     <span class='ocr_line' id='line_1_6' title="bbox 298 890 1368 985; baseline 0.006 -26"><span class='ocrx_word' id='word_1_39' title='bbox 298 893 446 959; x_wconf 89' lang='lat' dir='ltr'>Caesar</span> <span class='ocrx_word' id='word_1_40' title='bbox 478 893 507 960; x_wconf 87' lang='lat' dir='ltr'>b.</span> <span class='ocrx_word' id='word_1_41' title='bbox 535 913 567 976; x_wconf 81' lang='lat' dir='ltr'>g.</span> <span class='ocrx_word' id='word_1_42' title='bbox 599 893 626 972; x_wconf 88' lang='lat'>1,</span> <span class='ocrx_word' id='word_1_43' title='bbox 648 892 690 957; x_wconf 88' lang='grc'>38</span> <span class='ocrx_word' id='word_1_44' title='bbox 724 890 971 978; x_wconf 78' lang='lat' dir='ltr'>Vesontionem,</span> <span class='ocrx_word' id='word_1_45' title='bbox 1007 899 1090 982; x_wconf 91' lang='lat' dir='ltr'>quod</span> <span class='ocrx_word' id='word_1_46' title='bbox 1125 904 1175 964; x_wconf 92' lang='lat' dir='ltr'>est</span> <span class='ocrx_word' id='word_1_47' title='bbox 1208 900 1368 985; x_wconf 91' lang='lat' dir='ltr'>oppidum</span> 
     </span>
     <span class='ocr_line' id='line_1_7' title="bbox 214 992 1367 1082; baseline 0.004 -20"><span class='ocrx_word' id='word_1_48' title='bbox 214 996 388 1062; x_wconf 87' lang='lat' dir='ltr'>maximum</span> <span class='ocrx_word' id='word_1_49' title='bbox 411 994 639 1079; x_wconf 82' lang='lat' dir='ltr'><strong>Sequanorum.</strong></span> <span class='ocrx_word' id='word_1_50' title='bbox 678 993 709 1073; x_wconf 91' lang='grc'>2,</span> <span class='ocrx_word' id='word_1_51' title='bbox 734 997 750 1058; x_wconf 95' lang='grc'>1</span> <span class='ocrx_word' id='word_1_52' title='bbox 777 992 901 1080; x_wconf 82' lang='lat' dir='ltr'>Belgas,</span> <span class='ocrx_word' id='word_1_53' title='bbox 924 1018 1020 1082; x_wconf 91' lang='lat' dir='ltr'>quam</span> <span class='ocrx_word' id='word_1_54' title='bbox 1042 1003 1171 1066; x_wconf 75' lang='lat' dir='ltr'>tertiam</span> <span class='ocrx_word' id='word_1_55' title='bbox 1195 1024 1267 1067; x_wconf 89' lang='lat' dir='ltr'>esse</span> <span class='ocrx_word' id='word_1_56' title='bbox 1291 1002 1367 1067; x_wconf 86' lang='lat' dir='ltr'>Gal·</span> 
     </span>
     <span class='ocr_line' id='line_1_8' title="bbox 213 1095 1368 1189; baseline 0.003 -25"><span class='ocrx_word' id='word_1_57' title='bbox 213 1100 275 1164; x_wconf 89' lang='lat' dir='ltr'>liae</span> <span class='ocrx_word' id='word_1_58' title='bbox 302 1101 426 1182; x_wconf 87' lang='lat' dir='ltr'>partem</span> <span class='ocrx_word' id='word_1_59' title='bbox 458 1097 648 1161; x_wconf 80' lang='lat' dir='ltr'>dixeramus.</span> <span class='ocrx_word' id='word_1_60' title='bbox 694 1098 724 1178; x_wconf 79' lang='lat'>7,</span> <span class='ocrx_word' id='word_1_61' title='bbox 746 1095 788 1160; x_wconf 90' lang='grc'>68</span> <span class='ocrx_word' id='word_1_62' title='bbox 818 1097 975 1179; x_wconf 77' lang='lat' dir='ltr'>Alesiam,</span> <span class='ocrx_word' id='word_1_63' title='bbox 1008 1103 1091 1186; x_wconf 90' lang='lat' dir='ltr'>quod</span> <span class='ocrx_word' id='word_1_64' title='bbox 1124 1107 1174 1168; x_wconf 89' lang='lat' dir='ltr'>est</span> <span class='ocrx_word' id='word_1_65' title='bbox 1207 1104 1368 1189; x_wconf 91' lang='lat' dir='ltr'>oppidum</span> 
     </span>
    </p>
   </div>
   <div class='ocr_carea' id='block_1_3' title="bbox 147 1197 1371 4542">
    <p class='ocr_par' dir='ltr' id='par_1_4' title="bbox 214 1197 1369 1387">
     <span class='ocr_line' id='line_1_9' title="bbox 214 1197 1369 1290; baseline 0.005 -25"><span class='ocrx_word' id='word_1_66' title='bbox 214 1200 469 1265; x_wconf 87' lang='lat' dir='ltr'>Mandubiorum.</span> <span class='ocrx_word' id='word_1_67' title='bbox 520 1199 550 1262; x_wconf 91' lang='lat' dir='ltr'>b.</span> <span class='ocrx_word' id='word_1_68' title='bbox 579 1220 605 1263; x_wconf 90' lang='lat' dir='ltr'>c.</span> <span class='ocrx_word' id='word_1_69' title='bbox 629 1199 660 1282; x_wconf 88' lang='lat'>3,</span> <span class='ocrx_word' id='word_1_70' title='bbox 684 1198 726 1263; x_wconf 88' lang='lat'>66</span> <span class='ocrx_word' id='word_1_71' title='bbox 759 1197 905 1266; x_wconf 82' lang='lat' dir='ltr'>cohortes</span> <span class='ocrx_word' id='word_1_72' title='bbox 935 1204 1106 1286; x_wconf 86' lang='lat' dir='ltr'>quasdam,</span> <span class='ocrx_word' id='word_1_73' title='bbox 1141 1206 1227 1290; x_wconf 93' lang='lat' dir='ltr'>quod</span> <span class='ocrx_word' id='word_1_74' title='bbox 1261 1206 1369 1271; x_wconf 88' lang='lat' dir='ltr'>instar</span> 
     </span>
     <span class='ocr_line' id='line_1_10' title="bbox 214 1300 543 1387; baseline -0.006 -21"><span class='ocrx_word' id='word_1_75' title='bbox 214 1302 352 1387; x_wconf 83' lang='lat' dir='ltr'>legionis</span> <span class='ocrx_word' id='word_1_76' title='bbox 374 1300 543 1366; x_wconf 83' lang='lat' dir='ltr'>videretur.</span> 
     </span>
    </p>

    <p class='ocr_par' dir='ltr' id='par_1_5' title="bbox 215 1401 1367 1593">
     <span class='ocr_line' id='line_1_11' title="bbox 299 1401 1367 1493; baseline 0.006 -25"><span class='ocrx_word' id='word_1_77' title='bbox 299 1402 452 1468; x_wconf 85' lang='lat' dir='ltr'>Sallust</span> <span class='ocrx_word' id='word_1_78' title='bbox 475 1401 544 1468; x_wconf 90' lang='lat' dir='ltr'>Cat.</span> <span class='ocrx_word' id='word_1_79' title='bbox 574 1403 616 1468; x_wconf 88' lang='grc'>55</span> <span class='ocrx_word' id='word_1_80' title='bbox 643 1407 692 1467; x_wconf 82' lang='grc'>111</span> <span class='ocrx_word' id='word_1_81' title='bbox 719 1404 752 1467; x_wconf 88' lang='grc'>11</span> <span class='ocrx_word' id='word_1_82' title='bbox 783 1425 908 1469; x_wconf 84' lang='grc'><strong>0110111</strong></span> <span class='ocrx_word' id='word_1_83' title='bbox 936 1407 1041 1490; x_wconf 87' lang='lat' dir='ltr'>locus,</span> <span class='ocrx_word' id='word_1_84' title='bbox 1071 1408 1155 1493; x_wconf 92' lang='lat' dir='ltr'>quod</span> <span class='ocrx_word' id='word_1_85' title='bbox 1177 1408 1367 1474; x_wconf 85' lang='lat' dir='ltr'>Tullianum</span> 
     </span>
     <span class='ocr_line' id='line_1_12' title="bbox 215 1505 1367 1593; baseline 0.002 -21"><span class='ocrx_word' id='word_1_86' title='bbox 215 1505 403 1591; x_wconf 87' lang='lat' dir='ltr'>appellatur.</span> <span class='ocrx_word' id='word_1_87' title='bbox 428 1543 465 1552; x_wconf 89' lang='lat'><em>—</em></span> <span class='ocrx_word' id='word_1_88' title='bbox 490 1505 588 1570; x_wconf 82' lang='lat' dir='ltr'>Ovid</span> <span class='ocrx_word' id='word_1_89' title='bbox 618 1507 693 1570; x_wconf 85' lang='lat' dir='ltr'>met.</span> <span class='ocrx_word' id='word_1_90' title='bbox 716 1506 746 1588; x_wconf 96' lang='grc'>8,</span> <span class='ocrx_word' id='word_1_91' title='bbox 769 1506 810 1570; x_wconf 82' lang='grc'>99</span> <span class='ocrx_word' id='word_1_92' title='bbox 833 1505 968 1591; x_wconf 82' lang='lat' dir='ltr'>Creten,</span> <span class='ocrx_word' id='word_1_93' title='bbox 999 1508 1052 1593; x_wconf 92' lang='lat' dir='ltr'>qui</span> <span class='ocrx_word' id='word_1_94' title='bbox 1075 1531 1164 1574; x_wconf 88' lang='lat' dir='ltr'>meus</span> <span class='ocrx_word' id='word_1_95' title='bbox 1192 1514 1242 1575; x_wconf 88' lang='lat' dir='ltr'>est</span> <span class='ocrx_word' id='word_1_96' title='bbox 1264 1512 1367 1576; x_wconf 88' lang='lat' dir='ltr'>orbis.</span> 
     </span>
    </p>

    <p class='ocr_par' dir='ltr' id='par_1_6' title="bbox 215 1606 1371 2914">
     <span class='ocr_line' id='line_1_13' title="bbox 301 1606 1370 1694; baseline 0.006 -22"><span class='ocrx_word' id='word_1_97' title='bbox 301 1606 437 1672; x_wconf 83' lang='lat' dir='ltr'>Livius</span> <span class='ocrx_word' id='word_1_98' title='bbox 459 1607 489 1691; x_wconf 83' lang='lat'>2,</span> <span class='ocrx_word' id='word_1_99' title='bbox 508 1609 546 1672; x_wconf 85' lang='lat'>13</span> <span class='ocrx_word' id='word_1_100' title='bbox 562 1629 675 1691; x_wconf 85' lang='lat' dir='ltr'>agrum</span> <span class='ocrx_word' id='word_1_101' title='bbox 698 1607 781 1671; x_wconf 94' lang='lat' dir='ltr'>dono</span> <span class='ocrx_word' id='word_1_102' title='bbox 798 1607 921 1691; x_wconf 87' lang='lat' dir='ltr'>dedere,</span> <span class='ocrx_word' id='word_1_103' title='bbox 945 1632 1024 1693; x_wconf 88' lang='lat' dir='ltr'>quae</span> <span class='ocrx_word' id='word_1_104' title='bbox 1039 1615 1151 1694; x_wconf 85' lang='lat' dir='ltr'>postea</span> <span class='ocrx_word' id='word_1_105' title='bbox 1165 1614 1243 1676; x_wconf 89' lang='lat' dir='ltr'>sunt</span> <span class='ocrx_word' id='word_1_106' title='bbox 1257 1611 1370 1678; x_wconf 86' lang='lat' dir='ltr'>Mucia</span> 
     </span>
     <span class='ocr_line' id='line_1_14' title="bbox 215 1707 1370 1794; baseline 0.005 -21"><span class='ocrx_word' id='word_1_107' title='bbox 215 1714 310 1794; x_wconf 89' lang='lat' dir='ltr'>prata</span> <span class='ocrx_word' id='word_1_108' title='bbox 342 1707 512 1793; x_wconf 87' lang='lat' dir='ltr'>appellata.</span> <span class='ocrx_word' id='word_1_109' title='bbox 556 1709 586 1788; x_wconf 88' lang='lat'>3,</span> <span class='ocrx_word' id='word_1_110' title='bbox 610 1708 651 1772; x_wconf 86' lang='grc'>26</span> <span class='ocrx_word' id='word_1_111' title='bbox 680 1709 713 1773; x_wconf 85' lang='lat' dir='ltr'>h.</span> <span class='ocrx_word' id='word_1_112' title='bbox 743 1708 910 1785; x_wconf 82' lang='lat' dir='ltr'>Quinctius</span> <span class='ocrx_word' id='word_1_113' title='bbox 939 1716 1030 1775; x_wconf 88' lang='lat' dir='ltr'>trans</span> <span class='ocrx_word' id='word_1_114' title='bbox 1061 1712 1203 1778; x_wconf 80' lang='lat' dir='ltr'>Tiberim</span> <span class='ocrx_word' id='word_1_115' title='bbox 1236 1714 1370 1779; x_wconf 84' lang='lat' dir='ltr'>colebat</span> 
     </span>
     <span class='ocr_line' id='line_1_15' title="bbox 215 1810 1370 1898; baseline 0.004 -23"><span class='ocrx_word' id='word_1_116' title='bbox 215 1833 338 1896; x_wconf 84' lang='lat' dir='ltr'>agrum,</span> <span class='ocrx_word' id='word_1_117' title='bbox 354 1833 435 1895; x_wconf 91' lang='lat' dir='ltr'>quae</span> <span class='ocrx_word' id='word_1_118' title='bbox 451 1814 544 1894; x_wconf 89' lang='lat' dir='ltr'>prata</span> <span class='ocrx_word' id='word_1_119' title='bbox 558 1810 709 1887; x_wconf 82' lang='lat' dir='ltr'>Quinctia</span> <span class='ocrx_word' id='word_1_120' title='bbox 725 1815 891 1877; x_wconf 86' lang='lat' dir='ltr'>vocantur.</span> <span class='ocrx_word' id='word_1_121' title='bbox 929 1813 958 1895; x_wconf 87' lang='grc'>3,</span> <span class='ocrx_word' id='word_1_122' title='bbox 971 1813 1013 1878; x_wconf 82' lang='grc'>54</span> <span class='ocrx_word' id='word_1_123' title='bbox 1028 1814 1061 1877; x_wconf 89' lang='grc'>11</span> <span class='ocrx_word' id='word_1_124' title='bbox 1077 1815 1181 1898; x_wconf 90' lang='lat' dir='ltr'>pratis</span> <span class='ocrx_word' id='word_1_125' title='bbox 1197 1815 1370 1881; x_wconf 81' lang='lat' dir='ltr'>Flaminiis</span> 
     </span>
     <span class='ocr_line' id='line_1_16' title="bbox 215 1911 1368 2000; baseline 0.004 -23"><span class='ocrx_word' id='word_1_126' title='bbox 215 1952 256 1962; x_wconf 97' lang='lat'><em>-</em></span> <span class='ocrx_word' id='word_1_127' title='bbox 285 1935 378 1998; x_wconf 91' lang='lat' dir='ltr'>quem</span> <span class='ocrx_word' id='word_1_128' title='bbox 410 1933 498 1978; x_wconf 91' lang='lat' dir='ltr'>nuno</span> <span class='ocrx_word' id='word_1_129' title='bbox 525 1913 644 1978; x_wconf 88' lang='lat' dir='ltr'>circum</span> <span class='ocrx_word' id='word_1_130' title='bbox 673 1911 866 1977; x_wconf 83' lang='lat' dir='ltr'>Flaminium</span> <span class='ocrx_word' id='word_1_131' title='bbox 902 1916 1077 1998; x_wconf 90' lang='lat' dir='ltr'>appellant.</span> <span class='ocrx_word' id='word_1_132' title='bbox 1120 1917 1151 2000; x_wconf 88' lang='lat'>3,</span> <span class='ocrx_word' id='word_1_133' title='bbox 1172 1918 1214 1981; x_wconf 82' lang='grc'>57</span> <span class='ocrx_word' id='word_1_134' title='bbox 1243 1939 1368 2000; x_wconf 90' lang='lat' dir='ltr'>carcer,</span> 
     </span>
     <span class='ocr_line' id='line_1_17' title="bbox 215 2014 1369 2101; baseline 0.004 -22"><span class='ocrx_word' id='word_1_135' title='bbox 215 2017 301 2101; x_wconf 91' lang='lat' dir='ltr'>quod</span> <span class='ocrx_word' id='word_1_136' title='bbox 323 2015 518 2080; x_wconf 87' lang='lat' dir='ltr'>domicilium</span> <span class='ocrx_word' id='word_1_137' title='bbox 540 2014 643 2099; x_wconf 88' lang='lat' dir='ltr'>plebis</span> <span class='ocrx_word' id='word_1_138' title='bbox 665 2036 779 2080; x_wconf 77' lang='lat' dir='ltr'>vocare</span> <span class='ocrx_word' id='word_1_139' title='bbox 802 2015 845 2079; x_wconf 88' lang='lat' dir='ltr'>sit</span> <span class='ocrx_word' id='word_1_140' title='bbox 866 2016 988 2085; x_wconf 91' lang='lat' dir='ltr'>solitus.</span> <span class='ocrx_word' id='word_1_141' title='bbox 1024 2018 1054 2096; x_wconf 87' lang='grc'>3,</span> <span class='ocrx_word' id='word_1_142' title='bbox 1076 2018 1119 2082; x_wconf 89' lang='grc'>34</span> <span class='ocrx_word' id='word_1_143' title='bbox 1141 2017 1251 2083; x_wconf 89' lang='lat' dir='ltr'>decem</span> <span class='ocrx_word' id='word_1_144' title='bbox 1275 2020 1369 2084; x_wconf 85' lang='lat' dir='ltr'>tabu·</span> 
     </span>
     <span class='ocr_line' id='line_1_18' title="bbox 216 2116 1370 2202; baseline 0.002 -20"><span class='ocrx_word' id='word_1_145' title='bbox 216 2120 318 2182; x_wconf 90' lang='lat' dir='ltr'>larum</span> <span class='ocrx_word' id='word_1_146' title='bbox 346 2117 452 2202; x_wconf 85' lang='lat' dir='ltr'>leges,</span> <span class='ocrx_word' id='word_1_147' title='bbox 486 2117 539 2201; x_wconf 92' lang='lat' dir='ltr'>qui</span> <span class='ocrx_word' id='word_1_148' title='bbox 570 2154 607 2164; x_wconf 89' lang='lat'><em>-</em></span> <span class='ocrx_word' id='word_1_149' title='bbox 636 2116 710 2180; x_wconf 87' lang='lat' dir='ltr'>fons</span> <span class='ocrx_word' id='word_1_150' title='bbox 738 2116 841 2180; x_wconf 92' lang='lat' dir='ltr'>omnis</span> <span class='ocrx_word' id='word_1_151' title='bbox 870 2121 919 2181; x_wconf 92' lang='lat' dir='ltr'>est</span> <span class='ocrx_word' id='word_1_152' title='bbox 950 2117 1039 2183; x_wconf 88' lang='lat' dir='ltr'>iuris.</span> <span class='ocrx_word' id='word_1_153' title='bbox 1081 2118 1112 2201; x_wconf 83' lang='lat'>5,</span> <span class='ocrx_word' id='word_1_154' title='bbox 1138 2119 1157 2183; x_wconf 92' lang='lat'>8</span> <span class='ocrx_word' id='word_1_155' title='bbox 1186 2141 1246 2184; x_wconf 89' lang='lat' dir='ltr'>nee</span> <span class='ocrx_word' id='word_1_156' title='bbox 1277 2119 1370 2185; x_wconf 86' lang='lat' dir='ltr'>Veiis</span> 
     </span>
     <span class='ocr_line' id='line_1_19' title="bbox 216 2217 1369 2305; baseline 0.002 -21"><span class='ocrx_word' id='word_1_157' title='bbox 216 2220 328 2284; x_wconf 92' lang='lat' dir='ltr'>melius</span> <span class='ocrx_word' id='word_1_158' title='bbox 356 2223 537 2304; x_wconf 87' lang='lat' dir='ltr'>gestares,</span> <span class='ocrx_word' id='word_1_159' title='bbox 567 2217 650 2302; x_wconf 87' lang='lat' dir='ltr'>qnod</span> <span class='ocrx_word' id='word_1_160' title='bbox 674 2221 743 2281; x_wconf 94' lang='lat' dir='ltr'>tum</span> <span class='ocrx_word' id='word_1_161' title='bbox 767 2222 863 2303; x_wconf 89' lang='lat' dir='ltr'>caput</span> <span class='ocrx_word' id='word_1_162' title='bbox 884 2219 1027 2284; x_wconf 87' lang='lat' dir='ltr'>omnium</span> <span class='ocrx_word' id='word_1_163' title='bbox 1050 2241 1197 2285; x_wconf 89' lang='lat' dir='ltr'>curarum</span> <span class='ocrx_word' id='word_1_164' title='bbox 1220 2222 1369 2305; x_wconf 89' lang='lat' dir='ltr'>publica-</span> 
     </span>
     <span class='ocr_line' id='line_1_20' title="bbox 215 2316 1369 2407; baseline 0.003 -21"><span class='ocrx_word' id='word_1_165' title='bbox 215 2342 285 2386; x_wconf 88' lang='lat' dir='ltr'>rum</span> <span class='ocrx_word' id='word_1_166' title='bbox 309 2326 386 2386; x_wconf 89' lang='lat' dir='ltr'>erat.</span> <span class='ocrx_word' id='word_1_167' title='bbox 423 2322 454 2405; x_wconf 80' lang='grc' dir='ltr'>ὃ,</span> <span class='ocrx_word' id='word_1_168' title='bbox 476 2322 519 2386; x_wconf 88' lang='grc'>34</span> <span class='ocrx_word' id='word_1_169' title='bbox 547 2316 726 2399; x_wconf 78' lang='lat' dir='ltr'>Celtarum,</span> <span class='ocrx_word' id='word_1_170' title='bbox 756 2339 835 2403; x_wconf 91' lang='lat' dir='ltr'>quae</span> <span class='ocrx_word' id='word_1_171' title='bbox 864 2342 938 2404; x_wconf 89' lang='lat' dir='ltr'>pars</span> <span class='ocrx_word' id='word_1_172' title='bbox 961 2320 1083 2386; x_wconf 84' lang='lat' dir='ltr'>Galliae</span> <span class='ocrx_word' id='word_1_173' title='bbox 1111 2322 1207 2386; x_wconf 89' lang='lat' dir='ltr'>tertia</span> <span class='ocrx_word' id='word_1_174' title='bbox 1236 2326 1297 2387; x_wconf 90' lang='lat' dir='ltr'>est.</span> <span class='ocrx_word' id='word_1_175' title='bbox 1337 2325 1369 2407; x_wconf 81' lang='lat'>7,</span> 
     </span>
     <span class='ocr_line' id='line_1_21' title="bbox 216 2421 1369 2509; baseline 0.001 -21"><span class='ocrx_word' id='word_1_176' title='bbox 216 2425 258 2488; x_wconf 82' lang='lat'>20</span> <span class='ocrx_word' id='word_1_177' title='bbox 284 2445 325 2488; x_wconf 91' lang='lat' dir='ltr'>ne</span> <span class='ocrx_word' id='word_1_178' title='bbox 353 2424 555 2507; x_wconf 90' lang='lat' dir='ltr'>appellarent</span> <span class='ocrx_word' id='word_1_179' title='bbox 582 2421 766 2505; x_wconf 87' lang='grc'><strong>1111111111,</strong></span> <span class='ocrx_word' id='word_1_180' title='bbox 800 2443 882 2506; x_wconf 86' lang='lat' dir='ltr'>quae</span> <span class='ocrx_word' id='word_1_181' title='bbox 910 2422 959 2486; x_wconf 85' lang='lat' dir='ltr'>vis</span> <span class='ocrx_word' id='word_1_182' title='bbox 985 2444 1023 2487; x_wconf 90' lang='grc'>10</span> <span class='ocrx_word' id='word_1_183' title='bbox 1050 2425 1223 2488; x_wconf 86' lang='lat' dir='ltr'>necessitas</span> <span class='ocrx_word' id='word_1_184' title='bbox 1257 2426 1369 2509; x_wconf 88' lang='lat' dir='ltr'>appel·</span> 
     </span>
     <span class='ocr_line' id='line_1_22' title="bbox 217 2523 1369 2610; baseline 0.002 -21"><span class='ocrx_word' id='word_1_185' title='bbox 217 2526 313 2589; x_wconf 90' lang='lat' dir='ltr'>landa</span> <span class='ocrx_word' id='word_1_186' title='bbox 341 2529 434 2590; x_wconf 88' lang='lat' dir='ltr'>esset.</span> <span class='ocrx_word' id='word_1_187' title='bbox 487 2527 515 2606; x_wconf 80' lang='lat'>7,</span> <span class='ocrx_word' id='word_1_188' title='bbox 538 2525 579 2589; x_wconf 82' lang='lat'>23</span> <span class='ocrx_word' id='word_1_189' title='bbox 608 2523 780 2607; x_wconf 89' lang='lat' dir='ltr'>exercitus,</span> <span class='ocrx_word' id='word_1_190' title='bbox 809 2524 891 2608; x_wconf 91' lang='lat' dir='ltr'>quod</span> <span class='ocrx_word' id='word_1_191' title='bbox 917 2524 1153 2589; x_wconf 90' lang='lat' dir='ltr'>-subsidium</span> <span class='ocrx_word' id='word_1_192' title='bbox 1181 2530 1276 2591; x_wconf 87' lang='lat' dir='ltr'>esset.</span> <span class='ocrx_word' id='word_1_193' title='bbox 1314 2527 1369 2610; x_wconf 84' lang='lat'>23,</span> 
     </span>
     <span class='ocr_line' id='line_1_23' title="bbox 219 2624 1369 2712; baseline 0.001 -20"><span class='ocrx_word' id='word_1_194' title='bbox 219 2631 256 2692; x_wconf 90' lang='grc'>11</span> <span class='ocrx_word' id='word_1_195' title='bbox 281 2626 439 2710; x_wconf 81' lang='lat' dir='ltr'>Capuam,</span> <span class='ocrx_word' id='word_1_196' title='bbox 464 2626 546 2710; x_wconf 89' lang='lat' dir='ltr'>quod</span> <span class='ocrx_word' id='word_1_197' title='bbox 570 2628 667 2709; x_wconf 89' lang='lat' dir='ltr'>caput</span> <span class='ocrx_word' id='word_1_198' title='bbox 689 2624 882 2709; x_wconf 83' lang='lat' dir='ltr'>Campaniae</span> <span class='ocrx_word' id='word_1_199' title='bbox 904 2626 954 2690; x_wconf 90' lang='lat' dir='ltr'>sit.</span> <span class='ocrx_word' id='word_1_200' title='bbox 992 2627 1042 2706; x_wconf 89' lang='grc'>32,</span> <span class='ocrx_word' id='word_1_201' title='bbox 1066 2627 1108 2691; x_wconf 91' lang='grc'>30</span> <span class='ocrx_word' id='word_1_202' title='bbox 1130 2625 1256 2709; x_wconf 84' lang='lat' dir='ltr'>Brixia,</span> <span class='ocrx_word' id='word_1_203' title='bbox 1280 2629 1369 2712; x_wconf 91' lang='lat' dir='ltr'>quod</span> 
     </span>
     <span class='ocr_line' id='line_1_24' title="bbox 217 2725 1371 2813; baseline 0.001 -20"><span class='ocrx_word' id='word_1_204' title='bbox 217 2732 314 2812; x_wconf 90' lang='lat' dir='ltr'>caput</span> <span class='ocrx_word' id='word_1_205' title='bbox 341 2728 449 2812; x_wconf 84' lang='lat' dir='ltr'>gentis</span> <span class='ocrx_word' id='word_1_206' title='bbox 477 2731 568 2792; x_wconf 82' lang='lat' dir='ltr'>erat·</span> <span class='ocrx_word' id='word_1_207' title='bbox 596 2729 649 2810; x_wconf 85' lang='grc'>36,</span> <span class='ocrx_word' id='word_1_208' title='bbox 675 2729 712 2790; x_wconf 91' lang='grc'>11</span> <span class='ocrx_word' id='word_1_209' title='bbox 743 2725 906 2812; x_wconf 87' lang='lat' dir='ltr'>Leucadii,</span> <span class='ocrx_word' id='word_1_210' title='bbox 935 2728 1020 2812; x_wconf 90' lang='lat' dir='ltr'>quod</span> <span class='ocrx_word' id='word_1_211' title='bbox 1043 2729 1246 2793; x_wconf 82' lang='lat' dir='ltr'>Acarnaniae</span> <span class='ocrx_word' id='word_1_212' title='bbox 1270 2735 1371 2813; x_wconf 90' lang='lat' dir='ltr'>caput</span> 
     </span>
     <span class='ocr_line' id='line_1_25' title="bbox 217 2828 1365 2914; baseline 0.003 -21"><span class='ocrx_word' id='word_1_213' title='bbox 217 2834 275 2894; x_wconf 90' lang='lat' dir='ltr'>est.</span> <span class='ocrx_word' id='word_1_214' title='bbox 312 2831 362 2908; x_wconf 90' lang='grc'>42,</span> <span class='ocrx_word' id='word_1_215' title='bbox 386 2830 429 2894; x_wconf 91' lang='grc'>44</span> <span class='ocrx_word' id='word_1_216' title='bbox 455 2828 583 2893; x_wconf 84' lang='lat' dir='ltr'>Thebae</span> <span class='ocrx_word' id='word_1_217' title='bbox 612 2851 736 2914; x_wconf 90' lang='lat' dir='ltr'>quoque</span> <span class='ocrx_word' id='word_1_218' title='bbox 763 2830 867 2912; x_wconf 86' lang='lat' dir='ltr'>ipsae,</span> <span class='ocrx_word' id='word_1_219' title='bbox 899 2829 982 2913; x_wconf 90' lang='lat' dir='ltr'>quod</span> <span class='ocrx_word' id='word_1_220' title='bbox 1005 2828 1158 2894; x_wconf 87' lang='lat' dir='ltr'>Boeotiae</span> <span class='ocrx_word' id='word_1_221' title='bbox 1181 2834 1281 2914; x_wconf 88' lang='lat' dir='ltr'>caput</span> <span class='ocrx_word' id='word_1_222' title='bbox 1303 2835 1365 2896; x_wconf 89' lang='lat' dir='ltr'>est.</span> 
     </span>
    </p>

    <p class='ocr_par' dir='ltr' id='par_1_7' title="bbox 218 2930 1151 3015">
     <span class='ocr_line' id='line_1_26' title="bbox 218 2930 1151 3015; baseline -0.001 -18"><span class='ocrx_word' id='word_1_223' title='bbox 218 2931 316 2997; x_wconf 93' lang='lat' dir='ltr'>Plin.</span> <span class='ocrx_word' id='word_1_224' title='bbox 338 2953 371 2995; x_wconf 91' lang='lat' dir='ltr'>n.</span> <span class='ocrx_word' id='word_1_225' title='bbox 395 2933 426 2995; x_wconf 92' lang='lat' dir='ltr'>h.</span> <span class='ocrx_word' id='word_1_226' title='bbox 453 2930 502 3011; x_wconf 89' lang='grc'>15,</span> <span class='ocrx_word' id='word_1_227' title='bbox 525 2931 568 2996; x_wconf 90' lang='grc'>30</span> <span class='ocrx_word' id='word_1_228' title='bbox 589 2930 701 3010; x_wconf 87' lang='lat' dir='ltr'>herba,</span> <span class='ocrx_word' id='word_1_229' title='bbox 725 2930 808 3015; x_wconf 92' lang='lat' dir='ltr'>quod</span> <span class='ocrx_word' id='word_1_230' title='bbox 831 2931 1002 2996; x_wconf 86' lang='lat' dir='ltr'>chortinon</span> <span class='ocrx_word' id='word_1_231' title='bbox 1024 2935 1151 2996; x_wconf 86' lang='lat' dir='ltr'>vocant.</span> 
     </span>
    </p>

    <p class='ocr_par' dir='ltr' id='par_1_8' title="bbox 147 3031 1369 3914">
     <span class='ocr_line' id='line_1_27' title="bbox 147 3031 1366 3119; baseline 0.001 -22"><span class='ocrx_word' id='word_1_232' title='bbox 147 3048 149 3053; x_wconf 79' lang='grc'><em>’</em></span> <span class='ocrx_word' id='word_1_233' title='bbox 303 3033 362 3098; x_wconf 90' lang='grc' dir='ltr'>Α11</span> <span class='ocrx_word' id='word_1_234' title='bbox 389 3033 514 3118; x_wconf 86' lang='lat' dir='ltr'>Regel</span> <span class='ocrx_word' id='word_1_235' title='bbox 541 3032 629 3097; x_wconf 87' lang='lat' dir='ltr'>hann</span> <span class='ocrx_word' id='word_1_236' title='bbox 663 3054 736 3096; x_wconf 91' lang='lat' dir='ltr'>man</span> <span class='ocrx_word' id='word_1_237' title='bbox 766 3031 835 3096; x_wconf 90' lang='lat' dir='ltr'>hier</span> <span class='ocrx_word' id='word_1_238' title='bbox 862 3053 975 3117; x_wconf 86' lang='lat' dir='ltr'>wegen</span> <span class='ocrx_word' id='word_1_239' title='bbox 1004 3034 1060 3097; x_wconf 91' lang='lat' dir='ltr'>der</span> <span class='ocrx_word' id='word_1_240' title='bbox 1093 3033 1366 3119; x_wconf 80' lang='lat' dir='ltr'>dberwiegenden</span> 
     </span>
     <span class='ocr_line' id='line_1_28' title="bbox 218 3132 1366 3220; baseline 0.001 -21"><span class='ocrx_word' id='word_1_241' title='bbox 218 3133 383 3199; x_wconf 85' lang='lat' dir='ltr'>Mehrzahl</span> <span class='ocrx_word' id='word_1_242' title='bbox 406 3135 462 3198; x_wconf 91' lang='lat' dir='ltr'>der</span> <span class='ocrx_word' id='word_1_243' title='bbox 484 3133 600 3220; x_wconf 80' lang='lat' dir='ltr'>Belage</span> <span class='ocrx_word' id='word_1_244' title='bbox 622 3135 672 3198; x_wconf 93' lang='lat' dir='ltr'>die</span> <span class='ocrx_word' id='word_1_245' title='bbox 696 3132 920 3217; x_wconf 79' lang='lat' dir='ltr'>bestimmung</span> <span class='ocrx_word' id='word_1_246' title='bbox 941 3133 1088 3219; x_wconf 83' lang='lat' dir='ltr'>Madvigs</span> <span class='ocrx_word' id='word_1_247' title='bbox 1110 3135 1221 3219; x_wconf 85' lang='lat' dir='ltr'>gelten</span> <span class='ocrx_word' id='word_1_248' title='bbox 1243 3135 1366 3200; x_wconf 86' lang='lat' dir='ltr'>lassen:</span> 
     </span>
     <span class='ocr_line' id='line_1_29' title="bbox 217 3234 1367 3322; baseline 0.002 -22"><span class='ocrx_word' id='word_1_249' title='bbox 217 3237 273 3301; x_wconf 84' lang='lat' dir='ltr'>das</span> <span class='ocrx_word' id='word_1_250' title='bbox 297 3236 422 3301; x_wconf 87' lang='lat' dir='ltr'>Relativ</span> <span class='ocrx_word' id='word_1_251' title='bbox 450 3236 616 3322; x_wconf 81' lang='lat' dir='ltr'>congruirt</span> <span class='ocrx_word' id='word_1_252' title='bbox 637 3237 697 3299; x_wconf 92' lang='lat' dir='ltr'>mit</span> <span class='ocrx_word' id='word_1_253' title='bbox 718 3235 840 3298; x_wconf 91' lang='lat' dir='ltr'>seinem</span> <span class='ocrx_word' id='word_1_254' title='bbox 862 3234 1164 3319; x_wconf 76' lang='lat' dir='ltr'>Prttdicatsnomeu,</span> <span class='ocrx_word' id='word_1_255' title='bbox 1186 3258 1283 3300; x_wconf 89' lang='lat' dir='ltr'>wenn</span> <span class='ocrx_word' id='word_1_256' title='bbox 1306 3236 1367 3302; x_wconf 87' lang='lat' dir='ltr'>das</span> 
     </span>
     <span class='ocr_line' id='line_1_30' title="bbox 220 3334 1368 3424; baseline -0.001 -21"><span class='ocrx_word' id='word_1_257' title='bbox 220 3339 535 3424; x_wconf 85' lang='lat' dir='ltr'>Beziehungsnomeu</span> <span class='ocrx_word' id='word_1_258' title='bbox 558 3339 602 3403; x_wconf 91' lang='lat' dir='ltr'>im</span> <span class='ocrx_word' id='word_1_259' title='bbox 617 3337 816 3420; x_wconf 84' lang='lat' dir='ltr'>Hauptsatae</span> <span class='ocrx_word' id='word_1_260' title='bbox 831 3352 881 3400; x_wconf 74' lang='lat' dir='ltr'>&#39;an</span> <span class='ocrx_word' id='word_1_261' title='bbox 897 3336 965 3401; x_wconf 93' lang='grc'><strong>11111</strong></span> <span class='ocrx_word' id='word_1_262' title='bbox 981 3334 1184 3421; x_wconf 76' lang='lat' dir='ltr'>hinlsnglich</span> <span class='ocrx_word' id='word_1_263' title='bbox 1200 3338 1368 3403; x_wconf 87' lang='lat' dir='ltr'>bestimmt</span> 
     </span>
     <span class='ocr_line' id='line_1_31' title="bbox 217 3438 1369 3523; baseline -0.003 -17"><span class='ocrx_word' id='word_1_264' title='bbox 217 3443 261 3506; x_wconf 94' lang='lat' dir='ltr'>ist</span> <span class='ocrx_word' id='word_1_265' title='bbox 291 3441 356 3505; x_wconf 92' lang='lat' dir='ltr'>und</span> <span class='ocrx_word' id='word_1_266' title='bbox 390 3440 488 3505; x_wconf 90' lang='lat' dir='ltr'>durch</span> <span class='ocrx_word' id='word_1_267' title='bbox 513 3441 579 3504; x_wconf 62' lang='lat' dir='ltr'>⁴den</span> <span class='ocrx_word' id='word_1_268' title='bbox 612 3438 807 3503; x_wconf 85' lang='lat' dir='ltr'>Relativsatz</span> <span class='ocrx_word' id='word_1_269' title='bbox 840 3460 902 3501; x_wconf 93' lang='lat' dir='ltr'>nur</span> <span class='ocrx_word' id='word_1_270' title='bbox 935 3439 1006 3502; x_wconf 92' lang='lat' dir='ltr'>eine</span> <span class='ocrx_word' id='word_1_271' title='bbox 1038 3438 1274 3523; x_wconf 82' lang='lat' dir='ltr'>gelegentliche</span> <span class='ocrx_word' id='word_1_272' title='bbox 1306 3438 1369 3504; x_wconf 89' lang='lat' dir='ltr'>Be·</span> 
     </span>
     <span class='ocr_line' id='line_1_32' title="bbox 218 3537 1368 3629; baseline -0.002 -21"><span class='ocrx_word' id='word_1_273' title='bbox 218 3546 375 3629; x_wconf 84' lang='lat' dir='ltr'>merkung</span> <span class='ocrx_word' id='word_1_274' title='bbox 409 3544 488 3607; x_wconf 76' lang='lat' dir='ltr'>iiber</span> <span class='ocrx_word' id='word_1_275' title='bbox 520 3541 664 3605; x_wconf 89' lang='lat' dir='ltr'>dasselbe</span> <span class='ocrx_word' id='word_1_276' title='bbox 697 3539 909 3624; x_wconf 83' lang='lat' dir='ltr'>hinaugeftlgt</span> <span class='ocrx_word' id='word_1_277' title='bbox 942 3538 1032 3602; x_wconf 90' lang='lat' dir='ltr'>wird.</span> <span class='ocrx_word' id='word_1_278' title='bbox 1086 3537 1171 3604; x_wconf 89' lang='lat' dir='ltr'>Dass</span> <span class='ocrx_word' id='word_1_279' title='bbox 1205 3540 1282 3606; x_wconf 87' lang='lat' dir='ltr'>abar</span> <span class='ocrx_word' id='word_1_280' title='bbox 1313 3541 1368 3606; x_wconf 91' lang='lat' dir='ltr'>die</span> 
     </span>
     <span class='ocr_line' id='line_1_33' title="bbox 219 3641 1366 3726; baseline -0.003 -16"><span class='ocrx_word' id='word_1_281' title='bbox 219 3646 386 3710; x_wconf 81' lang='lat' dir='ltr'>einzelnen</span> <span class='ocrx_word' id='word_1_282' title='bbox 397 3643 628 3710; x_wconf 84' lang='lat' dir='ltr'>Schriftsteller</span> <span class='ocrx_word' id='word_1_283' title='bbox 642 3642 746 3706; x_wconf 91' lang='lat' dir='ltr'>hierin</span> <span class='ocrx_word' id='word_1_284' title='bbox 762 3641 1366 3726; x_wconf 62' lang='grc'><strong>111111113100111111111111111111,</strong></span> 
     </span>
     <span class='ocr_line' id='line_1_34' title="bbox 218 3742 1368 3831; baseline -0.002 -21"><span class='ocrx_word' id='word_1_285' title='bbox 218 3748 330 3831; x_wconf 84' lang='lat' dir='ltr'>aeigen</span> <span class='ocrx_word' id='word_1_286' title='bbox 360 3744 557 3811; x_wconf 89' lang='lat' dir='ltr'>namentlich</span> <span class='ocrx_word' id='word_1_287' title='bbox 585 3745 637 3813; x_wconf 90' lang='lat' dir='ltr'>die</span> <span class='ocrx_word' id='word_1_288' title='bbox 660 3748 755 3808; x_wconf 88' lang='lat' dir='ltr'>unter</span> <span class='ocrx_word' id='word_1_289' title='bbox 776 3743 834 3809; x_wconf 90' lang='lat' dir='ltr'>Nr.</span> <span class='ocrx_word' id='word_1_290' title='bbox 858 3765 880 3808; x_wconf 88' lang='lat' dir='ltr'>a</span> <span class='ocrx_word' id='word_1_291' title='bbox 908 3765 964 3807; x_wconf 89' lang='lat' dir='ltr'>aus</span> <span class='ocrx_word' id='word_1_292' title='bbox 987 3742 1096 3808; x_wconf 78' lang='lat' dir='ltr'>Livius</span> <span class='ocrx_word' id='word_1_293' title='bbox 1124 3743 1368 3830; x_wconf 85' lang='lat' dir='ltr'>mitgetheilten</span> 
     </span>
     <span class='ocr_line' id='line_1_35' title="bbox 218 3849 350 3914; baseline -0.008 0"><span class='ocrx_word' id='word_1_294' title='bbox 218 3849 350 3914; x_wconf 84' lang='lat' dir='ltr'>Stellen.</span> 
     </span>
    </p>

    <p class='ocr_par' dir='ltr' id='par_1_9' title="bbox 218 3946 1369 4542">
     <span class='ocr_line' id='line_1_36' title="bbox 303 3946 1369 4032; baseline -0.002 -18"><span class='ocrx_word' id='word_1_295' title='bbox 303 3955 333 4032; x_wconf 55' lang='grc' dir='ltr'>ᾖ.</span> <span class='ocrx_word' id='word_1_296' title='bbox 359 3951 428 4014; x_wconf 91' lang='grc'><strong>112.</strong></span> <span class='ocrx_word' id='word_1_297' title='bbox 474 3950 536 4014; x_wconf 83' lang='grc'><strong>1111</strong></span> <span class='ocrx_word' id='word_1_298' title='bbox 559 3949 792 4031; x_wconf 90' lang='lat' dir='ltr'>Pronomen,</span> <span class='ocrx_word' id='word_1_299' title='bbox 821 3947 958 4012; x_wconf 87' lang='lat' dir='ltr'>welches</span> <span class='ocrx_word' id='word_1_300' title='bbox 987 3946 1055 4012; x_wconf 91' lang='lat' dir='ltr'>sich</span> <span class='ocrx_word' id='word_1_301' title='bbox 1085 3947 1142 4011; x_wconf 90' lang='lat' dir='ltr'>auf</span> <span class='ocrx_word' id='word_1_302' title='bbox 1160 3947 1213 4011; x_wconf 93' lang='lat' dir='ltr'>ein</span> <span class='ocrx_word' id='word_1_303' title='bbox 1237 3946 1369 4013; x_wconf 90' lang='lat' dir='ltr'>Nomen</span> 
     </span>
     <span class='ocr_line' id='line_1_37' title="bbox 219 4048 1368 4134; baseline -0.002 -18"><span class='ocrx_word' id='word_1_304' title='bbox 219 4054 256 4116; x_wconf 90' lang='lat' dir='ltr'>in</span> <span class='ocrx_word' id='word_1_305' title='bbox 281 4054 409 4117; x_wconf 89' lang='lat' dir='ltr'>einem</span> <span class='ocrx_word' id='word_1_306' title='bbox 432 4054 603 4117; x_wconf 87' lang='lat' dir='ltr'>anderen</span> <span class='ocrx_word' id='word_1_307' title='bbox 627 4050 743 4115; x_wconf 84' lang='lat' dir='ltr'>Satze</span> <span class='ocrx_word' id='word_1_308' title='bbox 765 4049 908 4132; x_wconf 86' lang='lat' dir='ltr'>beaieht,</span> <span class='ocrx_word' id='word_1_309' title='bbox 937 4049 1149 4134; x_wconf 83' lang='lat' dir='ltr'>congruirt</span> <span class='ocrx_word' id='word_1_310' title='bbox 1170 4048 1368 4114; x_wconf 84' lang='lat' dir='ltr'>nuweilen</span> 
     </span>
     <span class='ocr_line' id='line_1_38' title="bbox 219 4149 1367 4219; baseline -0.001 -3"><span class='ocrx_word' id='word_1_311' title='bbox 219 4154 333 4219; x_wconf 91' lang='lat' dir='ltr'>nicht</span> <span class='ocrx_word' id='word_1_312' title='bbox 354 4154 405 4217; x_wconf 92' lang='lat' dir='ltr'>im</span> <span class='ocrx_word' id='word_1_313' title='bbox 428 4155 559 4218; x_wconf 89' lang='lat' dir='ltr'>Genus</span> <span class='ocrx_word' id='word_1_314' title='bbox 581 4153 673 4217; x_wconf 92' lang='lat' dir='ltr'>oder</span> <span class='ocrx_word' id='word_1_315' title='bbox 695 4152 890 4218; x_wconf 91' lang='lat' dir='ltr'>Numerus</span> <span class='ocrx_word' id='word_1_316' title='bbox 919 4152 978 4215; x_wconf 93' lang='lat' dir='ltr'>mit</span> <span class='ocrx_word' id='word_1_317' title='bbox 999 4150 1119 4215; x_wconf 89' lang='lat' dir='ltr'>diesem</span> <span class='ocrx_word' id='word_1_318' title='bbox 1141 4149 1281 4214; x_wconf 89' lang='lat' dir='ltr'>Nomen.</span> <span class='ocrx_word' id='word_1_319' title='bbox 1325 4150 1367 4215; x_wconf 92' lang='lat' dir='ltr'>ln</span> 
     </span>
     <span class='ocr_line' id='line_1_39' title="bbox 219 4251 1368 4323; baseline -0.003 -5"><span class='ocrx_word' id='word_1_320' title='bbox 219 4255 321 4320; x_wconf 89' lang='lat' dir='ltr'>dieser</span> <span class='ocrx_word' id='word_1_321' title='bbox 349 4255 552 4322; x_wconf 89' lang='lat' dir='ltr'>Constructio</span> <span class='ocrx_word' id='word_1_322' title='bbox 582 4254 621 4319; x_wconf 91' lang='lat' dir='ltr'>ad</span> <span class='ocrx_word' id='word_1_323' title='bbox 649 4277 777 4320; x_wconf 90' lang='lat' dir='ltr'>sensum</span> <span class='ocrx_word' id='word_1_324' title='bbox 808 4252 978 4318; x_wconf 85' lang='lat' dir='ltr'>verfahren</span> <span class='ocrx_word' id='word_1_325' title='bbox 1004 4252 1104 4316; x_wconf 88' lang='lat' dir='ltr'>sehon</span> <span class='ocrx_word' id='word_1_326' title='bbox 1132 4252 1183 4317; x_wconf 88' lang='lat' dir='ltr'>die</span> <span class='ocrx_word' id='word_1_327' title='bbox 1209 4251 1368 4323; x_wconf 84' lang='lat' dir='ltr'>Komiher</span> 
     </span>
     <span class='ocr_line' id='line_1_40' title="bbox 218 4353 1367 4438; baseline 0 -20"><span class='ocrx_word' id='word_1_328' title='bbox 218 4355 292 4419; x_wconf 88' lang='lat' dir='ltr'>sehr</span> <span class='ocrx_word' id='word_1_329' title='bbox 312 4356 388 4438; x_wconf 87' lang='lat' dir='ltr'>frei;</span> <span class='ocrx_word' id='word_1_330' title='bbox 417 4377 480 4420; x_wconf 83' lang='lat' dir='ltr'>von</span> <span class='ocrx_word' id='word_1_331' title='bbox 502 4356 542 4419; x_wconf 94' lang='lat' dir='ltr'>da</span> <span class='ocrx_word' id='word_1_332' title='bbox 573 4357 614 4433; x_wconf 85' lang='lat' dir='ltr'>ab</span> <span class='ocrx_word' id='word_1_333' title='bbox 643 4356 729 4421; x_wconf 88' lang='lat' dir='ltr'>zieht</span> <span class='ocrx_word' id='word_1_334' title='bbox 750 4357 796 4420; x_wconf 89' lang='lat' dir='ltr'>sie</span> <span class='ocrx_word' id='word_1_335' title='bbox 819 4355 886 4420; x_wconf 90' lang='lat' dir='ltr'>sich</span> <span class='ocrx_word' id='word_1_336' title='bbox 911 4354 1008 4419; x_wconf 89' lang='lat' dir='ltr'>durch</span> <span class='ocrx_word' id='word_1_337' title='bbox 1039 4354 1102 4417; x_wconf 93' lang='lat' dir='ltr'>alle</span> <span class='ocrx_word' id='word_1_338' title='bbox 1124 4353 1285 4418; x_wconf 88' lang='lat' dir='ltr'>Perioden</span> <span class='ocrx_word' id='word_1_339' title='bbox 1307 4354 1367 4418; x_wconf 87' lang='lat' dir='ltr'>der</span> 
     </span>
     <span class='ocr_line' id='line_1_41' title="bbox 220 4455 1366 4542; baseline 0 -22"><span class='ocrx_word' id='word_1_340' title='bbox 220 4456 361 4542; x_wconf 80' lang='lat' dir='ltr'>Sprache</span> <span class='ocrx_word' id='word_1_341' title='bbox 388 4458 452 4522; x_wconf 89' lang='lat' dir='ltr'>und</span> <span class='ocrx_word' id='word_1_342' title='bbox 476 4456 554 4523; x_wconf 87' lang='lat' dir='ltr'>wird</span> <span class='ocrx_word' id='word_1_343' title='bbox 577 4458 677 4522; x_wconf 87' lang='lat' dir='ltr'>selbst</span> <span class='ocrx_word' id='word_1_344' title='bbox 699 4480 762 4524; x_wconf 87' lang='lat' dir='ltr'>von</span> <span class='ocrx_word' id='word_1_345' title='bbox 785 4458 847 4527; x_wconf 89' lang='lat' dir='ltr'>den</span> <span class='ocrx_word' id='word_1_346' title='bbox 869 4455 1057 4525; x_wconf 83' lang='lat' dir='ltr'>Klassikcrn</span> <span class='ocrx_word' id='word_1_347' title='bbox 1081 4455 1171 4520; x_wconf 90' lang='lat' dir='ltr'>nicht</span> <span class='ocrx_word' id='word_1_348' title='bbox 1197 4455 1366 4540; x_wconf 83' lang='lat' dir='ltr'>gesoheut.</span> 
     </span>
    </p>
   </div>
   <div class='ocr_carea' id='block_1_4' title="bbox 0 0 1485 5048">
    <p class='ocr_par' dir='ltr' id='par_1_10' title="bbox 0 0 1485 5048">
     <span class='ocr_line' id='line_1_42' title="bbox 0 0 1485 5048; baseline 0 0"><span class='ocrx_word' id='word_1_349' title='bbox 0 0 1485 5048; x_wconf 95' lang='lat' dir='ltr'> </span> 
     </span>
    </p>
   </div>
  </div>
 </body>
</html>
