3000 5064
89 100 157 167 hier
187 125 251 168 von
275 103 337 166 den
361 102 606 188 Heransgebern
635 127 690 168 aur
712 105 897 189 Erklarung
919 106 1125 189 beigebracht
1150 108 1235 186 wird,

90 203 265 288 betriedigt
285 226 347 288 gar
369 204 466 270 nicht
516 204 614 269 Vell.
640 211 669 287 1,
693 209 722 289 9,
748 209 763 269 l
793 228 868 270 nam
890 207 1020 271 biennio
1044 208 1124 272 adeo
1147 209 1236 272 varia
1339 199 1342 205 ⁴

87 305 223 371 fortuna
256 327 329 370 oum
359 304 540 370 consulibus
571 306 775 384 conflixerat,
805 311 844 372 nt
871 307 1056 392 plerumque
1092 311 1236 394 superior

82 407 185 472 luerit
216 428 432 491 magnamque
453 411 579 492 partem
602 407 753 473 Graeciae
784 409 819 472 in
841 409 1027 474 societatem
1049 433 1138 475 suam
1165 432 1235 493 per-

81 511 234 575 duceret.
910 557 916 563 .

174 636 203 676 e.
235 611 398 676 Perfect
425 610 529 695 folgt
551 610 634 674 dem
660 611 887 696 Imperfeet.
933 610 1025 677 Liv.¹
1041 614 1092 693 24,
1114 615 1166 692 40,
1194 615 1232 677 12
1269 653 1273 660 ·

72 715 165 779 inde
195 719 308 777 tantus
330 716 434 776 terror
462 734 623 796 pavorque
651 735 761 777 omnes
787 715 961 797 occupavit,
991 718 1026 779 ut
1054 736 1119 778 non
1141 715 1236 778 modo

69 817 172 882 alius
196 815 366 900 quisquam
390 836 478 877 arma
501 818 630 897 caperet
652 817 709 877 ant
723 815 835 879 castris
858 816 976 898 pellere
998 815 1122 880 hostem
1145 839 1237 881 cona-

68 923 197 995 retur,
231 917 329 980 etiam
352 915 419 999 ipse
441 936 497 979 rex
522 915 769 999 —perfugerit
820 915 974 1001 Hiiufiger
1002 916 1082 979 wird
1104 918 1171 984 dies
1193 920 1237 983 im

33 1018 38 1023 ’
74 1020 260 1083 silbernen
283 1017 349 1080 und
371 1020 483 1099 spiten
505 1015 632 1080 Latein:
663 1016 749 1081 Suet.
774 1016 863 1083 Caes.
886 1019 927 1082 39
950 1021 986 1082 ut
1007 1056 1049 1066 —
1070 1024 1239 1084 manerent

78 1159 129 1166 -
158 1119 398 1200 exanimatique
421 1117 494 1182 sint.
546 1117 656 1185 Octav.
680 1118 721 1182 23
750 1119 828 1183 adeo
857 1123 1098 1184 consternatum
1119 1121 1237 1204 ferunt,

82 1225 127 1284 ut
153 1259 195 1268 -
212 1223 309 1304 capnt
331 1219 492 1282 interdum
508 1218 629 1282 foribus
643 1219 782 1284 illideret
803 1258 845 1268 -
867 1221 1012 1305 diemque
1035 1221 1133 1286 cladis
1149 1228 1237 1306 quot·

82 1325 187 1386 annis
218 1316 378 1401 maestum
399 1319 610 1385 habueritne
632 1319 809 1406 lugubrem.
861 1321 947 1385 Nero
969 1324 1010 1387 25
1037 1326 1163 1387 tantum
1185 1325 1238 1388 ab·

87 1425 156 1488 fuit
179 1447 199 1488 a
222 1422 416 1487 remittendo
445 1420 642 1504 laxandoque
669 1423 774 1486 studio
797 1427 893 1486 nt-
916 1446 1020 1507 neque
1042 1425 1160 1488 milites
1181 1448 1238 1489 un-

97 1547 193 1608 quam
218 1524 281 1588 nisi
304 1524 419 1588 absens
440 1560 482 1570 -
504 1523 681 1606 appellaret
706 1545 810 1607 neque
833 1524 1004 1607 quidquam
1026 1525 1108 1589 serio
1130 1525 1240 1590 ioeove

99 1628 201 1710 egerit
231 1626 295 1689 nisi
326 1663 363 1673 —
398 1624 569 1707 multisque
602 1623 652 1687 vel
682 1625 855 1688 amicitiam
884 1646 974 1688 suam
1002 1625 1155 1689 obtulerit
1188 1628 1237 1691 vel

98 1728 293 1792 simultatem
319 1725 482 1790 indixerit.
532 1723 640 1789 Vitell.
666 1726 684 1789 'l
713 1729 840 1790 constat
866 1727 990 1790 exituro
1014 1726 1164 1790 viaticum
1188 1728 1238 1791 de·

100 1826 195 1894 fuisse
217 1832 312 1893 tanta
334 1832 475 1911 egestate
497 1826 544 1889 rei
560 1825 736 1906 familiaris,
759 1831 796 1890 nt
818 1866 856 1876 -
881 1828 1009 1891 domum
1031 1828 1066 1899 in
1081 1828 1236 1911 reliquam

102 1936 223 2008 partem
247 1930 326 1993 anni
349 1929 511 1993 ablocaret
533 1931 685 2010 utque-
701 1929 851 1993 unionem
868 1928 1093 2012 pigneraverit
1137 1927 1236 1993 Flor.

98 2026 123 2112 2,
148 2033 197 2115 12,
221 2031 242 2095 8
272 2031 360 2095 euius
387 2030 541 2096 adventus
571 2033 639 2117 ipse
662 2030 740 2094 adeo
762 2029 913 2094 terribilis
942 2030 1010 2113 regi
1033 2030 1103 2108 luit,
1133 2035 1170 2095 ut
1192 2031 1238 2094 in·

95 2130 213 2198 teresse
242 2153 310 2196 non
338 2132 478 2214 auderet,
508 2134 563 2197 sed
590 2131 731 2217 gerenda
758 2131 891 2194 ducibus
917 2131 1001 2194 bella
1027 2131 1235 2196 mandaverit

87 2225 233 2300 Justin
262 2234 311 2310 12,
337 2234 376 2296 14
404 2235 493 2297 cuins
520 2235 637 2297 veneni
658 2237 752 2297 tanta
773 2232 820 2295 vis
842 2233 919 2314 fnit,
948 2236 984 2296 ut
1012 2254 1076 2297 nou
1101 2254 1174 2297 aere
1198 2272 1238 2280 —-

82 2337 317 2401 contineretur
349 2356 409 2398 nec
442 2334 535 2398 aliter
566 2335 643 2398 ferri
676 2335 740 2398 nisi
769 2335 804 2398 in
833 2333 955 2418 ungula
985 2334 1056 2417 equi
1089 2335 1238 2418 potnerit.

77 2426 223 2523 Spart.
246 2435 320 2499 Did.
342 2434 407 2499 Jul.
429 2437 450 2500 3
479 2439 589 2500 tantae
618 2436 831 2520 parsimoniae
856 2435 955 2499 fuisse
977 2432 1169 2518 perhibetur,
1203 2440 1239 2500 ut

70 2549 150 2615 per
184 2537 327 2602 triduum
355 2537 549 2622 porcellum,
583 2559 640 2622 per
672 2537 813 2601 triduum
842 2536 980 2620 leporem
1008 2536 1177 2619 divideret,
1212 2539 1238 2601 si

76 2642 171 2721 quis
201 2640 231 2703 ei
252 2639 335 2703 forte
357 2639 513 2716 misisset,
542 2661 637 2722 saepe
665 2644 770 2703 antem
793 2677 833 2686 —
857 2640 926 2702 sine
950 2659 1043 2701 carne
1065 2639 1238 2703 conaverit.

65 2730 138 2807 Id.
168 2741 252 2806 Geta
274 2740 294 2802 6
323 2740 414 2803 multi
437 2740 490 2803 alii
514 2740 700 2823 interempti
721 2743 797 2804 sunt
821 2777 856 2785 —
881 2739 927 2803 ita
955 2743 992 2801 ut
1014 2742 1044 2800 et
1067 2739 1101 2801 iu
1124 2739 1239 2801 balneo

66 2849 122 2907 et
147 2844 183 2907 in
208 2841 337 2925 publico
358 2844 614 2925 percuterentur,
638 2840 834 2925 Papinianus
857 2842 924 2923 ipse
947 2839 1048 2904 securi
1071 2861 1238 2922 percussus

64 2947 145 3010 sit.
194 2942 365 3027 Capitol.
395 2946 472 3010 Ant.
501 2941 559 3006 Ph.
584 2944 602 3006 7
631 2941 865 3005 aestimationis
889 2944 1017 3016 'tantam
1046 2961 1154 3004 curam
1186 2940 1238 3003 ha-

68 3040 180 3127 buit,
210 3048 247 3108 nt
274 3048 307 3108 et
332 3047 557 3130 procuratores
586 3065 659 3108 suos
686 3065 766 3127 puer
788 3064 912 3124 semper
933 3046 1078 3105 moneret
1099 3063 1140 3105 ne
1163 3043 1237 3124 quid

76 3145 482 3231 mogontinensem,
511 3149 544 3209 et
565 3143 757 3209 hereditates
779 3144 901 3207 delatas
928 3142 1062 3206 reddens
1085 3143 1238 3225 proximis

80 3249 271 3332 aliqnando
294 3247 460 3330 respuerit.
510 3246 557 3310 ld.
581 3247 677 3309 Gord.
700 3246 720 3310 6
747 3265 858 3309 socero
880 3266 938 3309 suo
966 3248 1093 3308 tanturn
1116 3243 1239 3326 detulit,

84 3357 131 3415 nt
159 3352 195 3414 in
226 3349 382 3413 familiam
410 3350 478 3413 eius
512 3349 600 3431 quasi
633 3347 731 3410 filium
766 3347 921 3431 migrasse
950 3367 984 3410 se
1019 3344 1170 3428 crederet,
1203 3352 1240 3409 nt

88 3474 259 3536 nunquam
295 3472 367 3514 cum
400 3472 437 3514 eo
470 3450 599 3530 levarit,
631 3469 797 3531 nunquam
829 3449 885 3513 illo
916 3449 1084 3532 praesente
1112 3448 1238 3514 sederit.

96 3553 247 3637 Lampr.
276 3552 399 3617 Comm.
432 3553 470 3616 13
497 3551 612 3615 virium
646 3549 685 3614 ad
716 3549 930 3614 conficiendas
962 3549 1047 3627 feras
1075 3550 1238 3612 tantarum

99 3655 173 3738 fuit,
207 3658 244 3717 ut
265 3653 472 3738 elephantum
496 3656 592 3718 conto
614 3652 819 3735 transfigeret
840 3655 872 3714 et
894 3651 1002 3734 orygis
1025 3670 1124 3713 cornu
1146 3648 1240 3713 hasla

99 3757 312 3821 transmiserit
333 3760 366 3819 et
388 3755 523 3840 siugulis
546 3754 662 3819 ictibus
684 3753 786 3817 multa
801 3752 891 3815 milia
905 3752 1044 3815 ferarum
1060 3750 1238 3816 conficeret.

100 3857 260 3942 Eutrop.
284 3858 314 3937 l,
338 3858 378 3920 21
400 3860 509 3921 tantae
532 3856 695 3921 civilitatis
718 3854 794 3933 fuit,
820 3857 856 3917 ut
876 3853 1000 3918 nullum
1030 3852 1161 3916 omnino
1183 3875 1238 3935 pu·
1282 3868 1287 3873 ”

101 3962 198 4039 niret,
229 3958 394 4024 convictos
423 3994 464 4004 -
486 3957 716 4021 coniurationis
744 3955 790 4020 ita
811 3954 981 4038 dimiserit,
1016 3958 1052 4018 ut
1073 3954 1108 4016 in
1130 3952 1239 4018 eadem

101 4061 317 4127 familiaritate
339 4081 403 4144 qua
425 4062 521 4123 antea
544 4059 697 4123 habuerit.
