3000 5054
698 338 927 400 -630-

240 493 324 558 silio.
378 490 468 557 Caes.
491 490 521 553 b.
545 511 577 574 g.
602 489 676 573 7,5
707 489 745 553 (11
769 511 795 554 c.
818 489 1008 573 legatorum.
1052 488 1398 563 1111281111-

240 594 330 658 nium
359 593 549 676 populorum
580 591 750 655 sententia.
808 591 859 672 25,
889 591 916 653 7.
958 590 1010 671 44,
1038 590 1089 654 22.
1147 589 1314 656 Demere
1342 591 1397 655 bei

242 694 397 759 Dichtern
420 716 451 758 u.
467 692 545 777 Spp.
572 731 608 741 -
633 691 730 775 Apul.
755 714 796 755 m.
819 691 849 771 8,
870 694 906 754 ll
931 690 970 754 de
994 694 1083 756 iusso
1106 690 1268 756 dominae.
1309 691 1396 775 Vop.

244 798 321 864 Aur.
345 796 387 861 39
411 795 449 859 (11
472 793 618 878 exemplo
642 792 897 857 Atheniensium.

327 900 357 962 7.
396 897 463 961 Das
493 896 652 962 causale
681 896 717 960 111
745 894 803 958 111
829 894 1059 979 maunigfache
1088 894 1292 980 Bedeutung.
1348 894 1397 959 Es

244 998 432 1065 bezeichnet
944 986 947 991 ¹

327 1104 359 1182 1)
396 1100 447 1164 die
475 1104 639 1164 {iussere
662 1097 854 1163 Ursache:
883 1097 932 1163 ΡΙ.
956 1097 1069 1163 Pseud.
1098 1098 1157 1162 661
1183 1099 1288 1163 laesus
1317 1099 1397 1163 reni

244 1204 282 1268 de
308 1203 367 1268 via.
406 1200 650 1283 Τ1111.2,8,2
683 1198 760 1263 mihi
790 1199 828 1262 de
852 1206 946 1264 vento
970 1200 1134 1264 condoluit
1164 1204 1271 1284 caput.
1324 1200 1396 1266 cic.

243 1305 332 1386 acad.
371 1307 454 1387 post.
490 1305 506 1365 l
542 1302 580 1366 dc
615 1302 666 1366 via
698 1301 811 1366 fessus.
863 1300 946 1365 Phil.
985 1302 1056 1384 1,5
1088 1302 1127 1365 (11
1154 1303 1206 1365 via
1238 1303 1397 1387 languere

246 1405 372 1486 (Halm
400 1427 416 1470 1
441 1405 519 1487 via).
573 1403 640 1470 her.
674 1425 758 1487 resp.
790 1404 827 1468 18
861 1424 975 1485 corpus
1008 1403 1197 1467 tenuissima
1228 1403 1268 1468 de
1296 1426 1397 1469 causa

245 1528 339 1590 saepe
362 1506 539 1570 conficitur.
586 1504 678 1570 Ovid.
702 1527 743 1569 m.
770 1505 817 1582 10,
840 1504 883 1568 49
910 1505 1041 1569 incessit
1070 1527 1167 1588 passu
1198 1505 1236 1569 de
1258 1506 1396 1571 vulnere

243 1609 347 1673 tardo,
390 1609 475 1671 trist.
498 1608 528 1684 3,
550 1608 580 1687 3,
605 1608 646 1671 82
669 1607 770 1689 deque
792 1606 856 1670 tuis
879 1605 1020 1692 lacrimis
1043 1607 1176 1672 humida
1198 1611 1285 1672 serta
1307 1607 1396 1672 dato.
1496 1670 1499 1674 ,

328 1710 364 1795 1)
401 1709 462 1772 den
486 1707 779 1794 Beweggrund:
813 1707 888 1772 Cic.
913 1708 967 1771 off.
991 1708 1059 1789 2,6
1081 1709 1258 1773 subiiciunt
1281 1730 1315 1773 se
1339 1711 1397 1774 ho

244 1813 347 1876 mines
374 1812 509 1894 imperio
538 1811 669 1874 alterius
692 1847 733 1858 —
761 1810 799 1874 de
828 1810 932 1873 causis
954 1808 1109 1893 pluribus.
1161 1811 1270 1884 deor.
1303 1814 1331 1894 1,
1355 1812 1397 1876 41

245 1913 340 1979 certis
362 1912 401 1976 de
424 1911 527 1976 causis
559 1911 758 1996 aplerisque
790 1912 886 1975 aliter.
907 1910 1118 1976 existimatur.
1170 1913 1239 1975 Att.
1265 1912 1294 1992 7,
1318 1913 1397 1994 7,3

244 2015 275 2079 id
305 2015 368 2079 nisi
394 2014 484 2098 gravi
507 2014 546 2078 de
569 2027 667 2078 causa
693 2034 760 2077 non
785 2012 922 2077 fecisset.
975 2011 1083 2078 Caes.
1114 2013 1143 2077 b.
1168 2035 1201 2097 g.
1224 2014 1254 2095 3,
1281 2014 1298 2077 7
1323 2034 1399 2078 cum

245 2117 392 2181 omnibus
416 2115 454 2180 (11
477 2117 579 2180 causis
601 2113 785 2180 Caesar-
807 2114 1014 2179 existimaret.
1059 2116 1079 2180 8
1102 2116 1217 2180 eadem
1236 2114 1276 2179 de
1299 2136 1399 2179 causa

244 2218 396 2283 Trebium
421 2256 458 2264 -
482 2218 632 2282 retinent.
682 2219 711 2297 7,
733 2218 755 2281 5
782 2215 816 2280 id
844 2237 923 2280 1111
946 2216 984 2280 de
1008 2237 1103 2282 causa
1133 2255 1170 2264 —-
1195 2239 1238 2282 an
1260 2216 1400 2300 perfidia

246 2320 374 2385 adducti
396 2319 541 2384 fecerint.
586 2317 721 2394 Quintil.
749 2322 776 2400 1,
800 2319 830 2401 6,
853 2319 895 2383 36
918 2317 1034 2381 eadem·
1050 2319 1088 2383 de
1111 2340 1137 2383 c.
1161 2318 1235 2383 dici.

331 2422 364 2508 c)
402 2421 463 2485 den
485 2419 911 2504 Ilrlrenntnissgrund:
939 2419 1042 2484 Plaut.
1060 2420 1144 2485 Men.
1163 2420 1223 2484 163
1246 2419 1285 2484 de
1300 2421 1401 2486 odore

248 2561 285 2570 -
309 2521 415 2587 facere
438 2522 664 2586 coniecturam.
710 2520 895 2588 Μ111.9112
926 2520 1035 2584 vidisti
1058 2543 1099 2585 an
1122 2522 1161 2585 de
1183 2521 1293 2585 audito
1316 2544 1401 2586 nun-

247 2624 332 2689 tias?
379 2623 477 2689 Stich.
501 2625 521 2687 3
550 2645 608 2687 nos
631 2624 698 2688 eius
721 2622 864 2687 animum
892 2622 930 2687 de
953 2622 1073 2687 nostris
1095 2622 1192 2687 factis
1222 2624 1400 2688 noscimus.

246 2726 341 2810 Epid.
363 2727 395 2805 4,
417 2727 447 2807 2,
472 2725 512 2789 27
537 2725 651 2809 quibus
675 2724 714 2789 de
742 2725 844 2809 signis
867 2725 1087 2808 agnoscebas?
1132 2724 1278 2807 01112,
1304 2726 1333 2808 1,
1360 2728 1399 2790 17

117 2868 122 2876 ·
237 2827 1140 2911 (1111111111,(1111111111111111111111.-
1173 2826 1251 2893 (lie.
1274 2828 1308 2891 in
1333 2827 1400 2893 Pis.
1452 2879 1455 2883 .

248 2931 291 2995 32
313 2929 435 3011 virtus,
465 2951 560 3012 quam
589 2933 625 2993 tu
647 2950 688 2992 ne
711 2930 747 2993 (11
765 2930 849 3010 faeie
871 2929 998 3012 quidem
1020 2929 1115 2994 nosti.
1160 2928 1298 2993 Hierher
1321 2951 1401 3013 mag

249 3030 330 3096 auch
355 3029 513 3115 gehiiren:
537 3031 575 3094 de
598 3052 641 3097 or.
666 3030 696 3111 2,
722 3030 763 3093 74
784 3030 862 3094 facit
884 3030 922 3095 de
944 3051 978 3094 se
1002 3031 1217 3096 coniecturam
1240 3030 1336 3116 (oder
1359 3054 1400 3095 zu

248 3133 304 3199 Nr.
328 3135 348 3196 6
371 3132 530 3217 gehdrigl.

333 3234 367 3321 d)
404 3233 482 3299 Elrst
503 3234 546 3298 im
570 3233 751 3317 Spttlatein
779 3232 867 3297 steht
893 3234 930 3298 de
952 3236 1032 3298 statt
1054 3234 1110 3298 des
1138 3234 1400 3300 Instrumen-

249 3335 363 3401 talis:
393 3337 490 3420 Apul.
514 3337 544 3415 3,
568 3338 586 3400 7
616 3338 806 3418 nostraeque
833 3334 983 3399 viduitati
1011 3357 1048 3400 11
1070 3336 1237 3400 solitudini
1265 3335 1303 3399 de
1328 3336 1400 3401 rin-

250 3439 337 3503 dicta
360 3437 474 3522 (durch
496 3436 617 3523 Rachel
647 3436 799 3501 solacium
822 3438 905 3502 date.
957 3438 987 3521 8,
1009 3438 1029 3503 8
1052 3437 1239 3522 Thrasyllus
1262 3438 1301 3501 de
1324 3439 1400 3523 ipso

249 3540 380 3604 nomine
408 3539 603 3603 temerarius.
642 3540 672 3620 9,
689 3540 731 3603 40
752 3540 791 3603 de
813 3539 950 3604 vastiore
973 3539 1092 3603 nodulo
1114 3542 1280 3604 cerebrum
1303 3561 1400 3605 suuni

249 3642 426 3706 diffindere.
469 3640 557 3705 Lact.
580 3642 610 3723 4,
626 3641 677 3723 26,
693 3642 733 3706 37
757 3641 869 3704 limine
891 3662 949 3704 sus
971 3640 1009 3704 de
1033 3662 1143 3706 cruore
1167 3643 1243 3726 agni
1266 3645 1399 3709 notant.

251 3742 341 3807 Eben
365 3765 401 3807 so
424 3742 475 3806 bei
497 3741 675 3806 Tertullian
698 3742 764 3806 und
786 3741 946 3806 Minucius
970 3742 1070 3807 Felix.

336 3845 364 3911 8.
400 3844 439 3907 In
461 3843 546 3908 allen
569 3841 680 3908 Zeiten
703 3842 891 3907 bezeichnet
912 3846 949 3909 111
971 3846 1031 3908 mit
1053 3844 1157 3909 einem
1180 3844 1310 3909 Nomen
1336 3846 1401 3911 den

252 3946 458 4031 Gegenstand
483 3947 571 4010 eines
595 3944 786 4009 Affectes
810 3945 886 4009 oder
902 3946 991 4010 einer
1013 3948 1216 4031 geistigen
1233 3945 1400 4034 Γ1111111-

250 4046 341 4111 lreit.
386 4047 444 4112 Bei
476 4047 532 4111 der
559 4046 745 4133 Erkldrung
775 4046 879 4111 dieses
904 4047 1075 4112 scheinbar
1102 4047 1402 4115 1111116111]-

251 4150 436 4232 bedeutung
469 4171 552 4234 ganz
585 4149 833 4213 abweichenden
863 4149 1068 4215 Gebrauches
1101 4171 1188 4213 muas
1221 4170 1298 4214 man
1335 4175 1403 4219 von
1480 4142 1486 4153 ’

252 4251 313 4315 (111
343 4251 459 4315 Verbis
492 4251 548 4315 der
579 4251 740 4316 Affecte
768 4251 946 4337 ausgehen,
981 4251 1067 4317 deun
1099 4251 1155 4315 der
1183 4249 1404 4342 Ursprung

252 4351 308 4417 des
330 4353 470 4418 Affectes
502 4352 581 4437 liegt
613 4353 647 4416 in
676 4352 732 4417 der
764 4353 822 4418 mit
850 4355 887 4419 de
914 4353 1143 4418 bezeichneten
1167 4352 1290 4419 Person
1322 4358 1404 4424 oder

253 4452 364 4518 Sache.
415 4454 510 4518 Dann
538 4456 580 4518 ist
607 4454 658 4518 die
681 4455 909 4520 Construction
939 4454 1020 4520 auch
1043 4455 1100 4519 auf
1120 4453 1227 4519 Verba
1250 4456 1309 4523 des
1334 4459 1405 4528 Sa·
