2926 5070
706 319 747 331 ..
790 236 938 346 241-

254 439 371 506 0111111.
400 438 435 521 9,
457 438 499 502 29
520 457 580 501 nec
609 457 646 499 ea
674 434 760 519 dico,
791 455 871 519 quae
898 434 925 498 si
952 433 1071 516 dicam,
1099 436 1208 498 tamen
1236 432 1398 497 infirmare

254 563 319 605 non
347 540 467 624 possis:
501 542 550 620 te,
581 543 752 619 antequam
780 536 818 600 de
846 535 954 601 Sicilia
982 535 1181 613 decesseris,¹
1196 536 1230 599 in
1259 534 1398 618 gratiam

253 642 373 706 redisse
402 662 473 704 cum
495 638 605 706 Verre.
649 638 743 702 Tusa.
766 638 802 719 5,
825 637 867 700 40
895 636 1035 720 cogitare
1066 636 1196 715 debent,
1226 639 1399 718 antequam

254 745 288 808 hi
316 743 382 807 sint
402 742 541 824 inventi,
570 740 688 805 multos
712 740 804 804 beate
828 738 944 803 vixisse
966 738 1134 821 sapientes.
1180 739 1248 801 Att.
1276 738 1326 819 13,
1340 738 1398 815 37,

254 846 283 909 3.
317 865 404 927 prov.
434 864 521 910 cons.
549 843 587 923 2,
615 842 644 909 3.
688 841 848 923 011134,
876 840 945 902 120.
985 838 1076 904 Brut.
1100 839 1141 903 96
1169 838 1259 903 doleo
1288 860 1339 901 me
1365 839 1399 902 in

255 947 353 1011 vitam
381 944 477 1028 paulo
505 944 668 1007 serius-
690 942 886 1027 ingressum,
912 942 1102 1022 priusquam
1130 940 1311 1005 confectum
1339 940 1400 1003 iter

254 1048 311 1126 sit,
342 1047 377 1110 in
403 1046 486 1110 hanc
514 1045 591 1127 reip.
620 1047 746 1108 noctem
764 1043 935 1108 incidisse.
986 1039 1095 1106 Selten
1123 1042 1180 1106 der
1208 1040 1400 1124 Conjunctiv

255 1150 343 1213 eines
373 1146 631 1229 Nebentempusz'
664 1145 701 1208 de
730 1144 793 1209 div.
820 1147 854 1228 1,
877 1145 918 1209 26
946 1146 1025 1226 hoc,
1054 1147 1225 1227 antequam
1252 1142 1400 1206 tribunus

255 1249 342 1333 plebi
365 1247 400 1314 O.
424 1247 588 1312 Gracchus
612 1247 717 1327 factus
744 1252 832 1330 essa,
862 1251 894 1311 et
922 1269 955 1311 se
982 1246 1107 1317 audisse
1136 1245 1248 1309 scribit
1273 1232 1400 1309 Caelius

256 1359 289 1415 et
311 1350 426 1415 dixisse
449 1349 567 1413 multis.

341 1451 381 1516 D.
416 1449 506 1515 Dum
534 1449 739 1529 „wthrend“
765 1451 824 1514 hat
856 1450 898 1512 im
929 1449 1063 1513 zweiten
1096 1448 1300 1514 Nebensatze
1333 1452 1401 1511 ent

257 1553 363 1617 weder
386 1552 447 1616 den
470 1550 665 1634 (lonjunctiv
687 1550 742 1615 des
765 1540 908 1615 Perfects
931 1551 1008 1616 oder
1030 1550 1138 1615 1111111
1159 1549 1222 1614 den
1242 1548 1402 1613 Indicativ

257 1656 311 1721 des
339 1653 552 1718 historischen
580 1652 735 1716 Praesens
762 1673 818 1716 aus
848 1652 908 1722 der,
927 1654 1069 1718 directen
1091 1650 1177 1716 Rede
1199 1651 1265 1715 bei:
1296 1649 1334 1715 de
1357 1672 1401 1715 or.

259 1762 287 1840 1,
310 1757 350 1820 41
374 1756 435 1819 hoc
457 1754 566 1837 video,
594 1753 669 1817 dum
692 1753 829 1818 breviter
851 1756 1003 1821 noluerim
1025 1755 1143 1833 dicere,
1167 1752 1290 1817 dictum
1312 1773 1331 1816 a
1353 1774 1403 1816 me

257 1879 326 1923 esse
347 1855 456 1940 paullo
479 1856 653 1920 obscurius.
691 1857 882 1920 ο111.71111
906 1860 1012 1921 sutem
1035 1854 1129 1920 velim
1152 1857 1188 1918 ut
1202 1860 1307 1937 putes,
1330 1854 1404 1918 dum

257 1960 316 2024 tibi
352 1958 480 2043 roganti
518 1957 671 2021 voluerim
704 1957 850 2040 obsequi,
887 1957 1047 2022 scribendi
1086 1977 1136 2019 me
1171 1955 1405 2039 impudentiam

257 2060 442 2144 suscepisse.
491 2058 553 2122 Mit
580 2057 652 2122 dem
679 2058 875 2123 Praesens
901 2060 980 2124 wird
1009 2079 1071 2123 nur
1102 2058 1191 2122 eine
1221 2056 1320 2122 Stella
1350 2079 1406 2121 aus

258 2162 395 2227 Cicero's
426 2160 526 2225 Prosa
554 2159 744 2244 angefdhrt:
772 2161 884 2241 11111,
911 2162 950 2226 19
972 2163 1128 2245 quantum
1150 2159 1236 2223 enim
1259 2158 1406 2222 ardorem

258 2263 357 2327 studii
379 2261 479 2326 fuisse
502 2261 638 2325 censetis
661 2262 694 2325 in
712 2262 911 2342 Archimede,
934 2263 988 2347 qui
1012 2261 1087 2326 dum
1110 2260 1145 2326 in
1167 2260 1408 2345 pulvere-quae·

259 2364 332 2429 dam
354 2364 500 2430 describit
522 2363 692 2447 attentius,
721 2385 762 2428 ne
784 2365 922 2447 patriam
944 2365 1071 2448 quidem
1094 2368 1222 2448 captam
1246 2383 1315 2426 esse
1338 2383 1408 2426 sen·

259 2466 344 2530 serit
389 2464 429 2528 In
451 2465 557 2528 einem
579 2464 696 2529 Versa:
718 2465 918 2545 1111141
940 2466 1014 2529 dum
1038 2468 1159 2532 sanctis
1181 2464 1307 2548 patriae
1330 2464 1409 2548 legi-

197 2615 205 2621 ·
259 2569 318 2632 bus
352 2567 566 2650 obsequimur.
617 2566 770 2631 Sallust
795 2566 866 2632 (lat.
896 2568 936 2632 58
965 2568 1053 2632 scitis
1081 2607 1120 2616 -
1149 2587 1274 2651 quoque
1302 2565 1408 2646 modo,

260 2668 334 2732 dum
363 2689 402 2731 ex
423 2666 501 2731 urbe
522 2667 684 2750 praesidia
704 2669 867 2753 opperior,
896 2670 931 2733 in
954 2669 1092 2753 Galliam
1115 2668 1274 2753 proficisci
1297 2666 1409 2751 nequi·

259 2770 391 2833 verim..
412 2767 566 2852 Htufiger
594 2769 636 2832 ist
662 2769 729 2834 dies
759 2770 808 2834 bei
837 2768 994 2834 Dichtern
1023 2770 1087 2834 und
1113 2769 1279 2854 Sptteren.
1304 2805 1346 2814 -
1369 2767 1408 2831 ln

260 2871 316 2934 der
338 2869 530 2953 Bedeutung
558 2890 618 2952 „so
641 2871 759 2956 lange“
781 2870 873 2936 Verr.
897 2872 927 2954 3,
950 2871 991 2936 96
1013 2872 1125 2956 quodsi
1147 2870 1201 2935 ille
1224 2869 1287 2935 hoc
1309 2891 1410 2933 unum

191 3059 193 3064 Α
260 2972 384 3056 agitare
406 2971 561 3054 coeperit,
592 2993 660 3036 esse
681 2972 809 3057 aliquod
832 2994 934 3058 genus
957 2973 1118 3058 cogendae
1140 2973 1295 3057 pecuniae
1318 2992 1409 3036 scua-

259 3078 367 3138 torum
390 3094 557 3139 commune
579 3073 684 3158 idque,
707 3074 781 3138 dum
804 3077 950 3158 equester
965 3073 1042 3138 ordo
1057 3075 1220 3163 iudicaret,
1243 3094 1409 3156 nunquam

260 3197 329 3240 esse
351 3177 571 3257 commissum,
601 3176 671 3260 quis
694 3176 851 3241 obsistet?
887 3175 934 3254 ΙΙ,
961 3178 993 3259 1,
1015 3176 1035 3240 1
1056 3177 1197 3240 fateatur
1218 3196 1254 3238 se
1274 3175 1408 3258 praedo·

261 3299 339 3342 num
367 3277 463 3342 duces
490 3298 588 3361 nsque
612 3277 685 3341 dum
708 3299 766 3361 per
786 3300 838 3341 me
861 3279 995 3355 licuerit,
1024 3277 1202 3342 retinuisse.
1229 3281 1266 3324 -’-
1292 3277 1332 3341 ln
1355 3275 1409 3340 der
1429 3340 1432 3343 .

263 3379 453 3464 Bedeutung
478 3379 587 3462 „bis“
613 3378 647 3442 in
675 3378 787 3443 Vatin.
813 3381 850 3442 ll
881 3399 998 3463 quaero
1023 3416 1060 3425 —
1085 3379 1306 3461 expectarisne
1334 3377 1409 3442 dum

200 3553 201 3557 Ἰ
261 3480 297 3548 0.
326 3481 488 3545 Antonius
516 3501 588 3544 reus
615 3481 710 3563 fieret.
761 3481 829 3544 Att.
858 3481 893 3560 5,
925 3481 978 3560 19,
1004 3482 1021 3543 1
1045 3501 1083 3545 ex
1111 3480 1226 3564 quibus
1254 3500 1324 3543 non
1353 3478 1408 3542 du·

260 3582 329 3646 bito
352 3583 486 3666 quintu
510 3581 699 3664 Pompeium
722 3581 933 3664 exspectaris,
956 3581 1032 3645 dum
1054 3581 1201 3645 Arimino
1223 3580 1351 3645 rediret.

345 3683 383 3748 E.
410 3683 523 3763 Quoad
543 3683 603 3746 mit
624 3682 696 3747 dem
719 3681 911 3766 Conjunotiv
933 3683 988 3747 des
1009 3683 1154 3747 Perfecta
1176 3683 1254 3747 oder
1277 3683 1332 3745 des
1347 3682 1408 3745 Im-

261 3783 416 3868 perfects:
438 3807 470 3868 p.
496 3784 621 3860 Quinct.
637 3784 679 3848 25
699 3785 889 3870 intelligetis
911 3784 1001 3849 illinc
1023 3785 1063 3848 ab
1084 3785 1178 3849 initio
1201 3784 1410 3868 cupiditatem

260 3907 424 3971 pugnasse
458 3891 490 3951 11
518 3885 698 3969 audaciam,
732 3885 809 3950 hinc
836 3886 1005 3950 veritatem
1037 3889 1069 3950 et
1101 3885 1271 3970 pudorem,
1305 3886 1412 3970 quoad

259 3990 410 4071 potuerit,
440 3989 605 4053 restitisse.
642 3988 726 4056 Phil.
752 3990 801 4068 11,
824 3989 854 4067 3,
877 3987 907 4056 6.
944 3987 1020 4058 fem.
1043 3988 1071 4066 6,
1097 3988 1148 4066 21,
1174 3991 1259 4052 1.-
1281 3989 1312 4071 4,
1335 3989 1412 4070 3,3

262 4088 415 4154 hactenus
438 4090 585 4154 existimo
607 4094 750 4154 nostram
772 4088 1022 4154 consolationem
1037 4093 1123 4154 recte
1138 4089 1316 4154 adhibitam
1333 4112 1415 4175 esse,

263 4191 364 4274 quoad
389 4192 504 4255 certior
525 4191 565 4256 ab
586 4191 717 4256 homine
739 4192 932 4256 amicissimo
953 4194 1052 4275 fieres.

298 4392 309 4456 1
346 4292 376 4357 5.
410 4291 643 4376 Folgesiitze
673 4293 786 4359 stehen
815 4292 881 4358 fast
909 4294 1023 4358 immer
1050 4315 1078 4356 a.
1101 4293 1146 4357 im
1173 4292 1417 4378 Imperfect,

262 4414 296 4456 se
310 4395 400 4457 tener
