2926 5070
574 340 804 404 -291-

113 514 177 578 ego
210 513 341 578 possum
375 492 461 557 dicta
493 492 585 557 docte
615 496 648 556 et
675 491 821 576 quamvis
848 494 984 558 facunde
1011 494 1108 578 loqui.
1138 495 1203 559 mil.
1232 497 1263 575 3,

112 597 146 675 3,
180 595 220 659 31
251 595 354 659 bonus
387 598 474 658 vates
506 597 634 678 poteras
667 615 736 659 esse
770 594 823 676 (du
856 595 976 661 hittest
1005 597 1075 660 sein
1105 596 1261 680 konnen).

114 695 191 762 cic.
214 719 246 760 n.
271 697 301 761 d.
328 697 360 779 1,
384 696 425 761 36
449 717 575 780 possum
601 734 636 743 —
662 696 782 778 dicere,
805 696 860 761 sed
883 698 958 762 nolo
981 719 1050 762 esse
1072 696 1196 783 longus.
1231 699 1261 777 2,

113 797 258 862 3111111111
287 835 327 846 —-
357 819 605 862 commemorare
627 802 781 881 possum,
814 798 928 882 quibus
957 820 996 864 ea
1022 798 1261 864 confirmentur.

113 899 156 963 49
177 899 279 963 multa
307 899 461 964 eiusmodi
487 901 631 984 proferre
658 921 804 983 possum,
834 900 887 964 sed
917 920 1018 985 genus
1045 901 1151 985 ipsum
1178 901 1263 966 vide-

114 1001 164 1066 tis.
208 1001 272 1065 div.
294 1003 330 1085 2,
356 1002 394 1065 16
417 1021 477 1085 ego
504 1003 613 1065 autem
640 1022 770 1085 possum
799 1001 850 1065 vel
871 1002 996 1067 nescire
1025 1006 1081 1067 ott.
1124 1003 1263 1087 24111111

115 1123 175 1187 ego
202 1103 408 1187 haruspicum
435 1124 589 1187 responsa
615 1124 860 1167 commemorem
883 1103 1026 1187 (possum
1048 1103 1194 1188 equidem
1215 1104 1262 1168 in-

116 1204 352 1289 numerabilia).
405 1203 496 1269 Verr.
525 1204 576 1286 11,
608 1208 623 1268 l
654 1207 684 1286 ὅ.
710 1205 770 1270 12ὀ
798 1226 926 1288 possum
957 1210 1108 1271 sexcenta
1136 1205 1264 1271 decreta

115 1306 258 1390 proferre
282 1345 321 1354 -
345 1327 453 1371 rerum
483 1306 540 1392 (ε
562 1306 643 1392 sed).
690 1307 712 1370 4
738 1311 767 1388 §-
794 1310 834 1370 14
862 1306 954 1390 quid‚
981 1309 1008 1371 si
1035 1295 1131 1372 belim
1160 1308 1263 1373 nomi·

115 1430 194 1472 nare
222 1408 369 1473 homines
394 1446 432 1455 —
455 1429 563 1472 nonne
589 1407 746 1492 possum?
786 1430 818 1491 p.
842 1406 922 1472 Rab.
945 1407 1033 1473 Post.
1058 1410 1106 1493 11,
1128 1409 1169 1472 41
1192 1429 1262 1493 pos·

117 1532 186 1573 snm
216 1511 358 1575 excitare
385 1509 503 1574 multos
523 1512 628 1574 'testes
652 1546 691 1557 -—
708 1508 778 1576 sed.
801 1532 833 1593 p.
857 1509 972 1575 Flacco
994 1511 1029 1594 5,
1054 1510 1093 1574 12
1115 1511 1170 1575 sed
1197 1532 1264 1575 non

115 1611 257 1676 dilatabo
280 1612 458 1676 orationem
479 1633 593 1676 meam.
622 1610 733 1676 Potest
756 1633 824 1675 esse
845 1612 985 1691 infinita,
1014 1612 1042 1675 si
1064 1611 1143 1676 mihi
1165 1611 1264 1676 libeat

115 1717 171 1778 ott.
213 1735 245 1796 p.
282 1711 370 1779 Cael.
405 1714 461 1795 22,
494 1715 535 1778 53
568 1734 696 1797 possum
730 1733 841 1777 omnes
874 1712 1014 1778 latebras
1047 1714 1263 1797 suspicionum

115 1837 290 1900 peragrare
312 1816 446 1880 dicendo
474 1850 510 1863 -
532 1815 598 1879 sed.
622 1815 657 1878 in
679 1813 743 1878 Pis.
767 1814 819 1893 28,
841 1815 883 1880 68
905 1816 956 1880 eui
978 1816 1089 1900 generi
1112 1836 1181 1879 esse
1203 1836 1264 1899 ego

114 1917 233 1999 iratus,
268 1938 311 1981 ne
340 1917 368 1980 si
402 1918 527 2001 cupiam
559 1916 702 2001 quidem,
734 1937 874 2000 possum.
917 1918 992 1985 fam.
1019 1918 1053 1995 2,
1086 1917 1139 1999 15,
1163 1917 1183 1981 3
1205 1937 1263 1999 pro

114 2018 269 2103 Pompeio
297 2019 397 2083 emori
424 2040 569 2102 possum,
599 2017 654 2082 sed
682 2022 792 2082 tamen
820 2019 889 2101 ipsa
914 2039 982 2102 rep.
1009 2017 1092 2082 nihil
1114 2016 1194 2081 mihi
1216 2020 1265 2081 est

115 2120 229 2191 carius,
269 2121 324 2203 14,
347 2121 383 2204 4,
407 2123 423 2184 1
448 2142 507 2205 ego
536 2121 642 2184 minus
671 2140 765 2202 saepe
793 2119 833 2183 do
862 2119 902 2184 ad
930 2141 987 2184 vos
1016 2119 1139 2183 litteras
1167 2141 1263 2203 quam

113 2243 257 2306 possum.
302 2222 341 2286 de
371 2243 435 2289 sen.
460 2223 499 2286 18
518 2215 649 2306 'possum
676 2221 824 2305 persequi
853 2223 908 2286 ctt.
946 2219 1054 2302 Virg.
1078 2220 1115 2285 G.
1142 2223 1176 2304 1,
1203 2222 1263 2286 116

114 2345 247 2408 possum
269 2323 372 2387 multa
393 2322 522 2388 referre.

163 2446 174 2462 ⁶
202 2424 268 2489 Das
297 2425 519 2507 Imperfectum
540 2430 722 2507 poteram
749 2423 829 2488 wird
857 2423 988 2489 erstlich
1017 2446 1080 2489 von
1106 2426 1163 2489 der
1184 2423 1262 2489 Ver·

113 2526 320 2614 gangenheit
346 2526 539 2611 gebraucht:
574 2526 641 2591 Cic.
668 2526 702 2590 in
730 2526 852 2604 Ρ11.6,
877 2525 1015 2609 l3quid
1045 2526 1130 2590 enim
1156 2525 1263 2592 facere

113 2628 323 2714 poteramus?
354 2627 433 2714 (was
461 2627 574 2692 hitten
596 2628 655 2691 wir
676 2628 758 2693 tbun
780 2627 949 2712 1161111112)
996 2626 1078 2692 Rab.
1100 2626 1188 2692 Post.
1212 2629 1262 2711 10,
1287 2632 1292 2644 “

114 2731 168 2813 28,
190 2730 223 2794 id
246 2734 352 2794 autem
381 2730 486 2794 facere
513 2750 579 2794 non
601 2732 744 2813 poterat,
773 2730 837 2794 nisi
860 2729 1016 2794 dioecetes
1040 2732 1123 2794 esset
1145 2732 1264 2795 consti·
1382 2787 1385 2794 .

113 2836 214 2896 tutus.
260 2831 418 2895 Zweitens
447 2832 524 2895 aber
551 2831 632 2896 auch
661 2853 722 2895 von
750 2831 805 2896 der
828 2830 1086 2916 Gegenwart:
1114 2830 1261 2911 111113,

114 2935 154 3014 4,
178 2934 197 2997 1
221 2953 282 3018 ego
311 2937 455 3016 poteram
482 2933 610 2997 morbos
638 2932 827 3020 (appellare)
857 2936 890 2997 et
917 2932 950 2997 id
980 2933 1109 2998 verbum
1139 2936 1263 2998 essete

115 3035 224 3113 verbo,
249 3036 305 3099 sed
328 3035 362 3098 in
386 3034 648 3099 consuetudinem
669 3039 811 3100 nostram
833 3057 901 3099 non
922 3034 1058 3100 caderet.
1096 3035 1262 3119 1111310,

114 3139 159 3203 35
180 3158 261 3222 quas
284 3135 398 3201 Graeci
421 3133 515 3219 πάθη
538 3136 718 3220 appellant,
742 3139 885 3221 poteram
909 3156 980 3221 ego,
1003 3135 1136 3222 verbum
1158 3137 1262 3220 ipsum

117 3240 353 3323 interpretans,
385 3232 513 3302 morbos
541 3239 717 3322 appellare,
745 3238 800 3303 sed
828 3259 894 3303 non
923 3238 1108 3302 conveniret
1133 3236 1173 3302 ad
1196 3258 1263 3300 om·

115 3341 182 3405 nia.
220 3343 257 3423 2,
279 3340 338 3422 35,
364 3340 424 3404 119
453 3344 486 3404 et
511 3362 705 3424 quamquam
728 3340 848 3425 aliquid
871 3340 939 3423 ipse
962 3343 1122 3422 poteram,
1154 3342 1263 3402 tamen

117 3443 265 3506 invenire
287 3441 371 3505 malo
394 3444 568 3525 paratiores
589 3442 764 3507 familiares
787 3445 922 3506 nostros.
959 3441 1035 3504 farn.
1061 3443 1089 3518 1,
1113 3441 1183 3523 1,1
1207 3460 1262 3522 po-

116 3547 203 3607 terat
224 3547 393 3627 utrumqne
414 3544 577 3627 praeclare
599 3581 640 3591 —-
662 3544 728 3608 sed.
752 3542 859 3627 Vi'rg.
883 3542 941 3607 eol.
967 3544 994 3625 1,
1017 3542 1059 3606 ’19
1081 3542 1133 3606 bic
1154 3546 1264 3605 tamen

117 3644 205 3709 banc
227 3666 353 3709 meeum
376 3650 503 3728 poteras
518 3646 715 3729 requiescere
729 3648 856 3709 noctem
873 3643 929 3726 (du
943 3643 1120 3724 kbnntest).
1154 3643 1263 3707 Ovid.

119 3769 162 3810 m.
191 3750 217 3829 1,
240 3746 303 3810 619
326 3747 540 3830 quisquis'es,
563 3746 624 3810 hoc
647 3751 774 3829 poteras
796 3767 920 3810 mecum
943 3745 1107 3810 considere
1130 3766 1214 3812 saxo.

204 3847 270 3911 Das
295 3848 489 3930 Perfectum:
512 3848 576 3913 cic.
600 3847 693 3912 Verr.
716 3847 741 3931 I,
764 3851 795 3929 ξ.
818 3848 860 3912 33
881 3848 1021 3912 fructum
1043 3834 1129 3911 illius
1150 3846 1263 3928 laudis,

117 3950 174 4033 qui
197 3971 234 4013 ex
256 3953 411 4034 perpetua
433 3950 576 4015 oratione
598 3950 718 4034 percipi
740 3949 853 4033 potuit,
877 3949 910 4012 in
927 3949 990 4013 alia
1004 3950 1150 4032 tempora
1165 3969 1262 4012 reser-

118 4073 242 4115 vamus.
285 4052 305 4116 5
328 4054 359 4133 §.
386 4053 420 4114 ll
446 4050 522 4135 quid
540 4047 583 4116 ’111
606 4050 761 4115 eiusmodi
783 4073 817 4114 re
838 4050 907 4114 fieri
929 4049 1058 4133 potuit?
1094 4051 1115 4114 3
1138 4053 1168 4132 ξ.
1195 4050 1264 4117 122.

118 4175 149 4237 p.
166 4151 303 4217 Balb08
325 4153 401 4236 quid
423 4153 509 4217 enim
531 4154 637 4237 potuit
659 4152 723 4216 dici
744 4151 969 4244 imperitiusl'
982 4151 1020 4215 18
1034 4151 1139 4235 potuit
1160 4151 1263 4235 magis

118 4252 239 4317 landus
266 4291 308 4302 -
330 4254 409 4318 fiori.
453 4253 537 4319 Phil.
565 4255 600 4332 3,
624 4255 643 4318 7
667 4254 742 4338 qnid
775 4254 860 4318 enim
889 4252 1031 4318 accidere
1058 4252 1131 4317 huic
1159 4252 1263 4316 adulo·

118 4355 224 4440 acenti
257 4356 363 4438 potuit
390 4355 531 4439 optatius
559 4377 653 4439 quam
682 4359 756 4419 cett.
803 4355 838 4438 6,
866 4355 886 4419 3
913 4377 955 4419 an
982 4354 1037 4419 ille
1064 4375 1131 4418 non
1158 4354 1265 4438 potuit

100 4490 164 4505 v-
192 4456 401 4538 provinciam
416 4455 563 4521 tradere?
607 4455 670 4521 div.
698 4457 735 4539 2,
764 4458 784 4522 8
812 4457 923 4541 quodsi
949 4458 1051 4522 fatum
1078 4456 1154 4536 fuit,
1184 4477 1264 4520 num
