3052 5062
584 304 811 393 -.163-

131 456 240 524 Caes.
263 456 294 519 h.
317 476 349 540 g.
373 457 403 531 5,
426 455 446 517 6
468 453 551 538 quod
574 476 645 519 euru
675 457 824 541 cupidum
854 455 995 540 imperii,
1026 457 1134 541 magni
1163 458 1274 539 animi,

129 578 266 641 magnae
282 556 366 620 inter
381 554 489 620 Gallos
505 557 704 621 auctoritatis
728 561 952 642 cognoverant.
997 556 1124 622 Anders
1147 559 1190 623 ist
1206 558 1271 623 Cic.

130 657 220 722 Brut.
243 658 284 723 83
307 658 470 723 Charisius
498 658 668 723 multarum
689 659 869 723 orationum
902 661 962 740 (sc.
991 661 1082 742 erat).
1132 682 1164 743 p.
1188 659 1273 726 Cael.

130 760 170 823 27
194 760 272 824 haec
293 762 362 823 tota
383 759 502 824 fabella
524 762 640 827 veteris
662 765 694 825 et
714 761 923 845 plurimarum
939 759 1116 824 fabularum
1132 761 1273 844 poetriae

130 862 226 943 (Gen.
259 861 418 946 possess).
444 901 482 909 -
512 860 590 927 Hor.
621 863 670 931 od.
695 866 722 946 1,
744 864 794 939 36,
820 863 858 926 13
890 862 983 926 multi
1013 861 1155 926 Damalis
1185 864 1273 926 meri.

129 965 162 1045 3,
185 964 215 1046 9,
239 965 256 1027 7
280 963 372 1027 multi
394 962 494 1046 Lydia
521 965 671 1028 nominis.
722 963 812 1048 epod.
834 964 865 1041 5,
887 963 930 1027 42
953 963 1110 1028 masculae
1131 963 1274 1028 libidinis

131 1103 169 1112 -
194 1065 329 1128 Foliam.
375 1069 434 1128 sat.
462 1069 488 1142 1,
504 1067 534 1148 9,
550 1067 592 1129 44
611 1087 784 1149 paucorum
807 1065 974 1153 homiuum
999 1069 1031 1128 et
1053 1067 1170 1130 mentis
1193 1067 1275 1130 beue

131 1189 236 1231 sanae.
281 1166 311 1246 2,
334 1166 365 1248 8,
388 1167 430 1231 84
457 1167 538 1231 redis
568 1171 710 1232 mutatae
737 1167 862 1235 frontis.
912 1155 971 1234 sat.
996 1167 1023 1246 l,
1049 1170 1077 1249 l,
1099 1169 1141 1233 33
1163 1170 1272 1253 magui

133 1269 267 1332 formica
287 1267 416 1331 laboris.
465 1269 593 1351 1,4,17
618 1269 722 1353 iuopia
744 1291 795 1333 me
818 1268 963 1353 quodque
985 1268 1093 1352 pusilli
1113 1269 1275 1334 finxerunt

131 1371 241 1434 animi.
287 1367 380 1434 Sall.
401 1367 477 1453 Jug.
504 1373 530 1452 1,
556 1372 568 1433 l
596 1370 756 1435 imbecilla
782 1376 877 1455 atque
899 1371 968 1434 aevi
992 1371 1106 1434 brevis.
1131 1409 1167 1417 -
1192 1371 1271 1435 Liv.

130 1473 160 1553 3,
184 1473 224 1536 21
248 1472 285 1536 L.
309 1470 523 1554 Tarquitium,
546 1473 701 1555 patriciae
723 1473 840 1557 gentis.
884 1473 915 1554 4,
937 1474 974 1535 4l
1001 1476 1034 1536 et
1056 1476 1185 1536 exactae
1208 1473 1272 1537 iam

129 1575 242 1638 aetatis
265 1570 464 1656 Capitolinus
487 1573 656 1649 Quinctius
680 1574 774 1655 (doch
801 1575 880 1658 geht
908 1577 972 1639 oiri
993 1574 1133 1659 vorauf).
1177 1575 1229 1655 21,
1256 1576 1271 1637 1

129 1675 344 1741 Hannibalem
361 1697 518 1741 annorum
532 1676 633 1739 ferme
649 1697 773 1741 novem.
812 1676 863 1759 22,
879 1676 921 1740 60
935 1675 1126 1760 Torquatus,
1150 1676 1273 1760 priscae

129 1799 166 1841 ac
188 1778 284 1842 nimis
300 1777 396 1843 durae
413 1816 449 1825 -
469 1778 658 1842 severitatis.
702 1777 752 1861 30,
768 1779 808 1842 37
832 1798 945 1841 novem
965 1799 1122 1841 annorum
1146 1777 1272 1841 euobis

127 1879 289 1963 profectus
318 1880 407 1944 redii.
453 1879 504 1956 30,
517 1880 548 1942 *7
572 1883 723 1962 quattuor
752 1878 842 1942 milia
865 1877 1097 1944 Celtiberorum
1122 1915 1156 1926 -
1185 1900 1273 1963 egre·

128 1981 199 2066 giae
233 1982 370 2046 virtutis.
395 1981 446 2059 35,
470 1981 509 2043 31
538 1979 625 2043 Zeno
653 2019 694 2027 -
722 2001 859 2065 magnae
893 1980 934 2043 ob
969 1980 1134 2066 eleganter
1164 1984 1267 2045 actam
1312 2031 1314 2036 .

131 2083 229 2146 vitam
253 2082 466 2147 auctoritatis.
511 2081 564 2165 38,
578 2082 621 2144 24
636 2082 779 2146 centurio
790 2116 835 2136 o—
859 2084 890 2145 et
912 2082 1056 2146 libidinis
1071 2086 1103 2146 et
1118 2083 1272 2146 avaritiae

129 2185 286 2249 militaris.
331 2185 383 2266 42,
398 2185 441 2247 45
462 2182 662 2247 Athamania
682 2221 720 2229 -—
738 2184 841 2267 asperi
866 2204 904 2246 ae
924 2205 1023 2267 prope
1045 2184 1124 2247 invii
1146 2183 1215 2252 soli.
1234 2219 1271 2230 —

127 2286 229 2351 Vell.
251 2290 278 2369 l,
296 2287 383 2368 11,6
406 2307 518 2349 omnes
541 2284 668 2349 adultae
684 2285 798 2349 aetatis
814 2284 902 2348 vidit.
947 2284 1031 2351 Plin.
1046 2307 1077 2348 n.
1095 2282 1126 2347 h.
1146 2285 1194 2367 19,
1213 2287 1273 2350 155

127 2389 226 2452 mirae
249 2387 469 2471 amplitudinis
492 2387 607 2450 dicitur
629 2387 730 2470 gigni.
775 2385 860 2450 Tac.
885 2386 917 2450 h.
937 2388 963 2469 1,
979 2386 1020 2450 69
1044 2389 1141 2450 uotae
1164 2386 1271 2450 facun-

128 2491 208 2555 diae.
253 2490 341 2569 3,15
361 2489 495 2557 stolidae
518 2487 669 2552 audaciae
691 2487 822 2555 Brinno.
865 2488 908 2552 49
923 2486 1046 2570 Festus,
1070 2491 1273 2571 sumptuosae

128 2590 375 2655 adulescentiae.
427 2611 502 2654 aun.
536 2591 562 2672 1,
593 2591 631 2652 41
662 2610 794 2675 pergere
822 2588 862 2652 ad
890 2588 1038 2653 'I'reviros
1064 2594 1097 2653 et
1124 2593 1274 2654 externae

129 2693 202 2757 fidei
231 2693 289 2776 (sc.
318 2694 456 2776 gentes).
507 2692 538 2774 4,
560 2690 603 2755 29
630 2690 784 2756 Lentulus
813 2693 988 2756 senectutis
1018 2697 1188 2756 extremae.
1232 2692 1272 2757 31

127 2794 323 2878 compositus
342 2793 421 2858 alias
436 2796 470 2857 et
491 2794 577 2865 velut
592 2792 799 2858 eluctantium
821 2794 997 2860 verborum.
1043 2795 1073 2877 6,
1089 2793 1132 2857 30
1154 2792 1272 2857 effusae

128 2896 325 2960 elementiae.
375 2897 415 2961 31
446 2895 613 2979 ademptae
647 2895 816 2960 virilitatis.
870 2897 920 2978 15,
943 2896 994 2962 38.
1035 2896 1084 2977 16,
1107 2895 1159 2959 29.
1211 2894 1272 2959 Mit

127 2999 231 3062 einenr
247 2997 396 3082 Adjectiv
412 2997 586 3062 coordinirt
602 2999 675 3081 (wie
698 2999 782 3062 oben
800 2996 900 3082 Sall).
946 3019 1021 3061 anu.
1042 3001 1068 3079 1,
1083 2998 1125 3060 35
1141 3018 1269 3062 saevum

127 3099 159 3163 id
175 3099 313 3183 malique
329 3100 425 3163 moris
442 3099 554 3163 visum.
602 3099 651 3181 13,
671 3100 710 3162 12
729 3098 831 3162 nobili
853 3102 887 3162 et
908 3098 1077 3181 probitatis
1100 3101 1271 3182 spectatae.

126 3201 218 3265 llhen
250 3222 285 3264 so
318 3198 414 3283 Nep.
437 3200 467 3281 2,
490 3200 520 3281 9,
546 3202 572 3267 l.
609 3202 657 3282 13,
679 3202 710 3282 4,
732 3202 762 3264 5.
788 3237 826 3246 -
855 3198 958 3263 Plin.
994 3221 1043 3283 ep.
1066 3200 1097 3279 2,
1120 3200 1150 3282 4,
1173 3200 1194 3262 9
1220 3221 1271 3263 me

126 3303 220 3367 huius
235 3300 357 3365 aetatis.
399 3301 431 3384 3,
449 3303 478 3382 1,
494 3303 523 3365 5.
562 3301 660 3382 7,30,
681 3304 707 3365 1.
741 3301 864 3381 8,5,1.
902 3323 978 3384 pan.
1001 3301 1030 3368 9.
1058 3338 1092 3348 —
1122 3299 1271 3365 Sueten

126 3404 213 3469 Nero
240 3405 278 3468 15
300 3402 508 3486 triumphalia
530 3405 718 3466 ornamenta
747 3406 780 3465 et
800 3403 1000 3485 quaestoriae
1023 3402 1190 3487 diguitatis
1213 3402 1270 3484 (sc.

127 3507 218 3590 viris)
241 3508 273 3568 et
294 3502 459 3568 nonnullis
482 3526 519 3567 ex
542 3505 680 3588 equestri
703 3504 815 3568 ordine
833 3503 954 3568 tribuit.
998 3503 1039 3568 57
1063 3525 1133 3568 cum
1157 3542 1197 3551 —
1220 3525 1270 3568 ex·

127 3608 262 3673 stitisset
277 3609 337 3689 (sc.
361 3606 489 3689 aliquis)
505 3604 704 3671 condicionis
723 3607 874 3683 incertae,
898 3606 952 3689 qui
968 3627 1002 3669 se
1017 3605 1180 3690 Neronem
1203 3626 1271 3670 esse

127 3710 270 3774 iactaret.
291 3747 322 3755 -
344 3707 475 3792 Nepos
500 3710 549 3788 17,
566 3710 595 3787 8,
611 3709 632 3772 2
647 3730 719 3773 curn
735 3729 895 3773 annorum
910 3707 1077 3792 octoginta
1092 3706 1125 3770 in
1143 3710 1270 3791 Aegyp·

126 3814 195 3876 tum
211 3811 299 3876 isset.
346 3810 394 3891 18,
414 3811 451 3874 13
468 3809 628 3874 Eumenes
650 3831 806 3874 annorum
829 3811 969 3893 quinque
992 3813 1024 3874 et
1045 3808 1269 3893 quadraginta.

125 3914 178 3997 22,
201 3915 231 3997 3,
256 3914 282 3981 l.
317 3913 369 3994 24,
396 3914 424 3994 1,
448 3913 478 3974 2.
513 3912 565 3991 25,
588 3913 661 3995 9,1
695 3912 743 3976 sui
776 3911 884 3975 iudicii
918 3911 1036 3995 potius.
1069 3949 1101 3958 -
1133 3909 1270 3975 Justin

126 4017 156 4097 9,
181 4018 200 4080 8
223 4014 359 4079 decessit
381 4013 549 4097 Philippus
572 4013 628 4078 XL
650 4018 684 4078 et
706 4011 768 4077 VH
791 4034 959 4077 annorum.
1007 4013 1091 4094 11,3
1114 4033 1269 4075 annorum

125 4116 171 4181 Χ]
201 4140 274 4182 eum
306 4116 341 4180 in
375 4138 509 4200 regnum
534 4154 571 4162 -
602 4118 840 4180 revocaverunt.
897 4114 1066 4200 Capitol.
1096 4112 1270 4178 Maxim2

126 4219 313 4285 adulescens
353 4223 386 4282 et
424 4218 657 4282 semibarbarus
692 4223 725 4282 et
756 4218 808 4281 vix
842 4217 945 4282 adhuc
979 4216 1097 4282 latinae
1130 4216 1268 4300 linguae.

125 4322 145 4382 4
168 4323 230 4385 ianr
253 4323 395 4385 maturae
418 4320 533 4383 aetatis
555 4320 594 4383 ad
617 4341 689 4383 eum
713 4319 811 4383 venit.

212 4423 239 4485 7.
285 4421 350 4485 Fur
377 4422 438 4485 den
466 4420 633 4485 Gebrauch
663 4421 729 4485 des
758 4419 849 4484 Gen.
878 4420 955 4484 und
983 4422 1069 4485 Ahl.
1099 4419 1199 4504 qual.
1229 4422 1269 4485 in
