3000 5064
429 302 782 379 ,—337-

88 454 174 517 cern!
217 451 258 515 ad
280 451 339 527 Qu.
362 452 403 515 fr.
426 453 462 536 2,
486 453 582 518 1010
610 454 726 518 metuis
754 475 794 517 ne
823 476 873 518 me
901 455 1105 537 interpelles?
1144 456 1234 521 Verr.

85 553 132 636 ΙΙ,
151 557 179 634 1,
195 555 237 619 53
259 567 327 618 non
348 557 381 617 10
402 553 522 637 pudet?
565 557 595 634 3,
611 556 652 620 36
668 577 707 619 ex
728 554 841 619 horum
863 556 1034 620 severitate
1056 561 1112 622 ott.
1148 558 1179 641 4,
1194 560 1234 623 57

87 656 164 740 quid
193 694 234 708 -·
258 677 325 720 non
353 656 538 720 sustulisti?
572 656 648 741 quid
672 695 708 704 —
733 678 798 722 non
819 661 875 722 tuo
898 658 1031 742 imperio
1053 659 1159 743 palam
1182 660 1235 723 ab·

91 756 192 820 latum
215 757 285 821 est?
324 757 398 840 quid
421 795 460 805 —
483 779 587 823 nonne
609 759 791 823 abstulisti?
828 758 895 824 cau
917 759 949 840 3,
972 759 992 824 9
1015 759 1046 822 id
1069 781 1137 823 non
1159 760 1235 823 divi-

91 859 177 923 nitus
200 880 270 922 esse
292 857 414 922 factum
436 859 578 942 putatis?
615 858 709 924 Rosc.
725 862 797 926 Am.
815 862 851 923 ll
869 860 953 943 patri
976 881 1042 925 non
1064 861 1236 946 placebat?

91 957 185 1026 Taso.
212 963 240 1042 l,
264 960 304 1023 21
327 981 394 1024 non
416 960 516 1043 pudet
536 960 764 1045 philosophum
788 965 843 1026 ott.
881 960 1080 1030 1100000111.
1097 962 1173 1046 2,5.
1203 984 1235 1047 p.

92 1059 201 1125 Plano.
225 1062 277 1142 34,
300 1062 352 1125 83.
389 1083 420 1144 p.
444 1048 512 1126 Mil.
536 1062 578 1125 22
600 1084 668 1127 non
690 1061 821 1127 Clodius
843 1063 977 1126 insidias
999 1062 1235 1138 10011Μ1101111

94 1159 193 1226 Fecit.
216 1161 315 1226 Ibid:
344 1162 463 1247 rogas?
500 1162 744 1246 28111ςί1000
766 1165 895 1248 putatis,
919 1185 1000 1247 quae
1021 1157 1159 1247 patent?
1194 1166 1236 1229 33

95 1261 250 1347 frangetis
279 1263 433 1347 impetum
457 1263 534 1346 viri,
565 1265 655 1328 cuius
676 1264 728 1328 vix
751 1264 916 1328 sustinetis
936 1251 1039 1330 *furias
1060 1265 1236 1350 insepulti?

93 1361 172 1429 Phil.
193 1364 255 1442 l,8
277 1367 310 1428 et
331 1384 387 1429 vos
409 1368 481 1429 acta
505 1363 651 1429 Caesaris
673 1365 854 1442 defenditis,
877 1366 932 1450 qui
954 1366 1041 1452 leges
1064 1368 1131 1431 eius
1152 1388 1237 1431 ever-

94 1465 183 1532 titis?
222 1468 252 1549 5,
274 1465 295 1529 9
317 1465 357 1529 ad
380 1464 479 1549 hune,
502 1465 546 1530 dii
568 1465 658 1531 boni!
697 1466 822 1552 legatos
845 1468 932 1531 mitti
953 1467 1084 1552 placat?
1119 1473 1238 1533 norunt

92 1565 140 1633 isti
165 1606 207 1614 -
232 1568 379 1652 cogitant
401 1570 458 1631 ctt.
496 1568 525 1649 7,
547 1568 568 1631 4
589 1588 654 1631 non
677 1571 727 1632 est
748 1568 904 1633 iudicatus
926 1569 1028 1634 hostis
1050 1569 1236 1635 Antonius?

90 1664 170 1737 lbid.
200 1690 268 1733 non
300 1668 502 1753 intelligitis?
544 1679 610 1733 nort
643 1668 761 1733 auditis
795 1692 898 1735 meam
927 1672 1118 1736 sententiam
1145 1673 1237 1757 fiagi-

86 1770 175 1836 tari?
213 1770 249 1854 6,
271 1771 291 1835 3
314 1769 388 1834 hnic
416 1770 654 1835 denuntiationi
676 1770 730 1834 ille
752 1772 887 1854 pareat?
924 1772 979 1837 ille
1001 1795 1034 1837 00
1055 1773 1153 1837 fluvio
1175 1773 1238 1838 Ru-

82 1866 206 1940 bicone
229 1909 271 1919 —
294 1872 568 1955 circumscriptum
592 1893 660 1935 esse
682 1872 847 1955 patiatur?
884 1874 949 1955 7,2
970 1873 1079 1938 faveas
1099 1877 1134 1937 tu
1158 1874 1235 1938 isti?

74 1989 117 2054 p.
144 1972 390 2054 4101181100,
418 1972 560 2036 instituti
587 1973 681 2036 rebus
710 1973 855 2056 optimis,
885 1978 1139 2058 nonpoeturum
1161 1997 1238 2041 voce

70 2074 296 2148 moveamur?
322 2073 427 2137 Tusc.
447 2073 511 2156 1,8
527 2095 592 2138 non
616 2074 847 2158 respondebis?
885 2076 939 2139 off.
956 2077 986 2153 3,
1006 2075 1044 2139 19
1059 2097 1123 2139 nou
1145 2078 1259 2160 turpe.

66 2176 163 2242 est?
200 2176 270 2239 har.
293 2175 568 2259 1000120111011
590 2176 847 2240 commovemur?
887 2176 926 2240 15
948 2181 980 2240 01
1001 2177 1182 2260 quaerimus
1196 2216 1238 2226 -

66 2278 166 2363 quid
195 2276 405 2361 significent?
446 2277 523 2340 fam.
549 2278 603 2356 14,
626 2278 662 2355 4,
685 2277 706 2340 2
728 2276 804 2360 quid
831 2299 918 2341 nunc
946 2299 1055 2363 rogem
1076 2281 1109 2342 te
1131 2283 1167 2343 ut
1189 2301 1239 2344 ve·

62 2383 160 2445 nias
175 2378 235 2442 —?
273 2378 349 2442 Non
371 2377 505 2462 rogem?
543 2377 619 2442 Sine
640 2382 673 2442 te
695 2378 794 2462 igitur
816 2378 898 2442 sim?
935 2380 1176 2464 Α11.12,40,2
1197 2404 1238 2447 110

65 2478 237 2546 doleam?
275 2479 338 2555 Qui
359 2478 488 2563 potest?
526 2478 576 2543 Ne
596 2479 740 2544 iaceam?
777 2479 855 2555 Quis
871 2501 1011 2563 unquam
1026 2481 1153 2545 minus?
1190 2484 1238 2567 16,

73 2586 150 2664 11,
171 2582 193 2645 6
215 2580 277 2645 hoc
304 2584 339 2644 tu
369 2580 521 2664 putares?
565 2580 614 2644 ad.
638 2580 696 2656 Qu.
720 2580 758 2644 fr.
786 2584 798 2644 l
807 2631 816 2664 ,
839 2583 859 2646 3
888 2603 948 2667 ego
975 2581 1035 2646 tibi
1063 2583 1237 2648 irascerer?

78 2682 156 2747 tibi
178 2703 240 2766 ego
263 2702 390 2765 possem
412 2681 531 2745 irasci?
556 2719 594 2728 -
618 2681 689 2767 Ego
711 2685 744 2745 te
765 2682 872 2746 videre
893 2683 1074 2748 noluerim?
1113 2687 1184 2768 Au,
1207 2686 1237 2770 2,

72 2784 141 2863 20,
175 2785 191 2846 1
222 2782 346 2847 credis?
391 2782 525 2867 inquies.
559 2781 671 2847 Credo.
716 2805 764 2867 ep.
798 2784 839 2847 ad
874 2783 962 2847 Brut
994 2786 1027 2863 1,
1059 2784 1098 2847 14
1126 2785 1239 2851 breves

80 2890 169 2950 tuae
198 2883 341 2969 litterae,
374 2883 487 2949 breves
513 2883 608 2948 dico?
653 2883 755 2948 lmmo
782 2885 900 2949 nullae.
947 2885 999 2955 off.
1030 2888 1064 2969 1,
1091 2887 1131 2951 31
1161 2909 1239 2973 ergo

79 2985 208 3051 histrio
243 2984 304 3050 hoc
338 2985 459 3051 videbit
490 2987 525 3050 in
557 3008 688 3071 scaena3
721 3008 786 3051 non
819 2986 941 3051 videbit
970 2987 1098 3070 sapiens
1133 2989 1180 3052 vir
1205 2989 1240 3053 in

85 3087 184 3152 vita?
221 3085 264 3151 So
286 3086 378 3155 61101.

178 3187 299 3256 001011.
320 3189 350 3266 4,
372 3189 393 3252 5
415 3210 480 3252 nou
502 3188 672 3253 ridiculum
694 3189 764 3252 est?
802 3187 897 3252 Sall.
918 3188 995 3273 Jug.
1017 3190 1135 3271 31,11.
1172 3190 1240 3253 Ans

95 3294 248 3374 spdteren
271 3288 525 3369 Schriftstellern
546 3312 623 3375 mag
644 3289 821 3374 Folgendes
843 3297 1011 3374 gendgan:
1035 3289 1114 3353 Liv.
1131 3289 1182 3368 21,
1198 3289 1241 3352 44

94 3413 208 3476 parurn
232 3393 281 3455 est
301 3390 386 3474 quod
402 3390 465 3454 —?
498 3391 550 3475 23,
573 3392 616 3456 45
637 3392 756 3455 ferrum
779 3411 867 3454 nunc
887 3388 1007 3454 hebet?
1044 3412 1086 3454 an
1109 3390 1240 3456 dextrae

93 3491 249 3577 torpent?
293 3490 377 3556 Seu.
406 3514 489 3560 suas.
517 3492 553 3574 2,
576 3494 597 3557 3
624 3514 691 3557 non
717 3492 816 3576 pudet
837 3490 1007 3555 Laconas?
1043 3491 1073 3573 3,
1099 3493 1115 3554 1
1139 3496 1239 3555 contr.

94 3594 127 3675 2,
149 3595 185 3677 5,
209 3595 239 3657 8.
275 3593 702 3673 retractatores.
739 3592 821 3656 Val.
852 3592 950 3656 Max.
974 3592 1010 3674 3,
1034 3591 1111 3674 8,3
1132 3595 1242 3676 potest

96 3695 210 3779 aliquis
239 3693 302 3759 hoc
329 3695 397 3758 viro
427 3695 491 3759 dici
517 3694 739 3760 constantior?
790 3694 873 3759 San.
902 3694 974 3758 ben.
1004 3693 1039 3770 6,
1069 3692 1127 3776 30,
1159 3696 1176 3757 1
1206 3697 1242 3758 ut

95 3801 205 3881 gratus
233 3818 301 3860 0000
323 3796 439 3880 possis,
463 3797 552 3860 iratis
574 3795 635 3860 diis
658 3818 739 3880 opus
762 3795 832 3860 0011
870 3799 900 3877 ξ.
923 3795 943 3857 2
966 3793 1056 3877 quid,
1079 3797 1115 3857 tu
1137 3795 1241 3858 nescis

96 3897 239 3962 debitum
261 3898 359 3962 etiam
381 3897 591 3981 locupletibus
615 3897 718 3962 solvi?
756 3918 806 3980 ep.
830 3895 880 3972 97,
902 3896 922 3960 9
944 3894 1054 3959 credat
1075 3895 1135 3958 hoc
1158 3895 1241 3978 quis·

97 3999 212 4083 quam?
249 3999 307 4082 41,
329 4000 350 4063 4
371 4021 438 4064 non
466 3999 587 4063 subibit
614 4002 646 4063 te
669 3999 830 4062 veneratio
852 3997 941 4061 eius?
986 4017 1052 4059 non
1074 3995 1160 4062 dices
1183 4000 1239 4061 ctt.

97 4099 143 4164 ira
168 4103 204 4180 1,
230 4102 280 4182 11,
303 4103 324 4165 5
345 4120 411 4165 non
433 4101 544 4165 relicto
567 4103 622 4164 ott.
665 4100 696 4182 3,
718 4100 770 4176 24,
793 4099 814 4160 2
836 4119 896 4182 ego
918 4118 983 4161 non
1007 4097 1175 4180 ignoscam
1193 4099 1242 4181 pi·

98 4201 186 4285 gris?
224 4203 298 4266 beu.
321 4203 352 4285 2,
371 4203 458 4280 29,3
480 4202 595 4285 aliquis
618 4222 655 4265 ea
676 4201 841 4283 comparat
863 4198 977 4262 nobis?
1016 4197 1090 4263 Und
1113 4198 1243 4264 letztere

101 4300 195 4367 Form
230 4303 323 4367 111101.
365 4304 403 4387 4,
430 4305 467 4383 5,
499 4305 514 4366 1
541 4325 607 4368 non
643 4301 697 4365 dat
730 4301 806 4365 deus
840 4298 1016 4364 beneficia?
1060 4320 1108 4381 ep.
1133 4299 1190 4382 76,
1212 4300 1241 4368 2.

102 4403 224 4471 Patron.
257 4404 318 4469 100
344 4405 420 4488 quid
450 4405 581 4468 autem?
630 4425 694 4467 non
723 4423 892 4467 commune
922 4404 986 4482 001,
1018 4399 1102 4483 quod
1129 4405 1245 4465 natura

146 4517 284 4565 bruger,
305 4516 358 4558 hist.
373 4515 498 4565 syntaxd.
516 4515 558 4557 lar.
575 4515 624 4564 spr.
639 4514 658 4555 1.
686 4515 707 4553 1.
723 4513 782 4554 Aufl.
1008 4507 1040 4554 22
