3000 5054
645 311 925 421 758²*
1047 388 1054 405 ,

240 465 411 551 fugitorem
437 466 515 529 fore.
560 463 653 547 Capt.
676 465 705 541 2,
730 465 759 543 2,
782 463 824 528 25
850 463 888 527 ad
917 463 1107 548 sapientiam
1140 463 1233 528 huius
1266 465 1394 529 nimius

239 571 380 652 nugatur
402 567 472 634 fuit.
508 565 580 630 Ter.
602 565 688 631 Ena.
704 566 735 647 4,
751 567 782 647 4,
802 565 839 629 14
861 587 902 629 ne
925 567 1159 648 comparandus
1181 566 1234 630 hic
1256 565 1395 650 quidem

240 670 280 734 ad
302 669 435 732 illumst.
472 668 503 750 2,
518 668 549 748 3,
575 668 615 731 70
636 667 718 730 nihil
741 667 779 729 ad
803 671 946 731 nostram
970 666 1063 730 hane.
1082 704 1121 713 —
1138 666 1260 751 Oic.'p.
1280 668 1392 751 Dejot.

240 772 259 835 8
292 769 374 834 nihil
408 769 448 833 ad
477 773 568 833 tuum
595 769 779 852 equitatum.
824 769 863 832 de
886 791 930 832 or.
953 768 1026 851 2,6
1055 768 1138 833 nihil
1165 768 1205 832 ad
1229 769 1392 837 Persium.

239 871 332 936 Tusa.
358 875 384 953 l,
409 871 447 933 17
471 871 511 934 ad
534 870 674 934 universi
696 869 775 933 caeli
799 870 998 954 complexum
1020 870 1077 956 (im
1094 869 1300 935 Vernaltniss
1322 875 1394 955 zu).

241 976 327 1038 Aher
350 972 459 1058 nicht,
490 995 556 1037 was
577 972 676 1038 Hand
699 973 730 1036 S.
758 974 817 1036 105
844 972 928 1036 noch
950 971 1098 1050 anfiihrt,
1128 972 1182 1036 fin.
1206 974 1236 1054 3,
1262 973 1312 1055 16,
1335 973 1394 1053 52,

240 1099 289 1141 wo
317 1079 362 1143 ad
389 1099 451 1141 von
480 1077 593 1141 uemdl't
621 1070 798 1158 abhaagt„
822 1073 883 1137 ulit
914 1072 1061 1141 Unreeht
1088 1073 1234 1137 bemerkt
1256 1073 1396 1160 Madvig

240 1181 337 1261 daun,
364 1179 440 1242 dass
468 1178 528 1242 mit
556 1179 601 1243 ud
629 1197 691 1239 nur
717 1176 770 1239 ein
793 1176 961 1259 negativer
982 1174 1155 1260 Vergleich
1179 1176 1246 1260 (ein
1269 1175 1394 1242 Unter-

241 1280 364 1362 schied)
386 1278 573 1344 bezeichnet
595 1277 709 1342 werde.
754 1276 802 1339 lm
825 1275 1012 1362 Frageaatz:
1043 1278 1097 1342 fin.
1122 1280 1151 1359 2,
1174 1279 1215 1341 26
1242 1278 1320 1361 quid
1352 1281 1393 1343 ad

241 1382 415 1448 utilitatem
443 1384 554 1445 tantae
580 1379 759 1464 pecuniae?
781 1417 822 1428 —
844 1378 923 1443 Liv.
946 1379 998 1459 22,
1022 1380 1063 1442 22
1091 1379 1216 1444 homini
1244 1401 1312 1443 non
1351 1382 1393 1444 ad
1453 1452 1456 1456 ,

241 1488 348 1550 uetera
370 1482 495 1546 Punica
518 1482 650 1567 ingenia
672 1479 799 1545 callido.
843 1481 896 1564 38,
919 1481 961 1544 53
990 1481 1066 1563 quid
1089 1481 1128 1543 ad
1151 1481 1291 1564 primum
1313 1503 1393 1546 uon·

242 1585 381 1649 sulatum
392 1584 570 1649 secundus?
605 1582 737 1648 Scheint
749 1582 800 1646 bei
813 1581 919 1647 Livius
931 1582 1022 1646 nicht
1032 1582 1117 1647 diter
1129 1583 1392 1649 vorzuhommen.

242 1725 283 1735 -
305 1685 388 1750 Vell.
413 1686 442 1767 2,
469 1686 539 1766 120,
563 1686 583 1748 6
612 1684 651 1748 a‘d
681 1687 872 1748 vetustatem
901 1683 1042 1749 familiae
1070 1707 1146 1749 suae
1179 1684 1393 1769 dignissimus

242 1788 320 1872 (vgl.
355 1787 437 1852 oben
466 1786 595 1871 Plana).
639 1786 749 1868 Nepos
774 1786 918 1868 15,2,3
952 1785 1030 1852 haec
1063 1786 1103 1850 ad
1136 1791 1281 1852 nostram
1314 1808 1393 1852 con·

243 1889 445 1955 suetudinem
462 1892 551 1953 sunt
581 1889 671 1956 levia.
716 1887 808 1952 Eben
836 1909 872 1950 so
900 1888 978 1951 wird
1006 1888 1063 1952 das
1085 1888 1206 1972 grieeh.
1230 1885 1314 1971 πρός
1338 1911 1393 1971 ge·

242 1990 387 2055 hraucht

328 2094 357 2157 1.
396 2090 544 2156 Ueberall
570 2090 671 2155 findet
697 2090 765 2155 sich
795 2092 874 2175 ud
865 2114 900 2155 1n
926 2092 1077 2157 linalur
1100 2092 1309 2176 Bedeutung,
1338 2118 1392 2159 am

243 2195 427 2278 h'aufigeten
452 2214 509 2257 vor
530 2193 603 2257 dem
625 2192 823 2257 Gerundium
851 2195 916 2258 und
939 2193 1174 2276 Gerundivum,
1202 2195 1269 2258 und
1297 2196 1393 2262 nieht

243 2318 304 2360 nur
326 2318 390 2360 von
413 2294 530 2360 Verbis
553 2293 735 2378 abhdngig,
759 2296 897 2359 eundern
920 2295 1001 2359 anuh
1025 2319 1084 2361 von
1109 2296 1300 2380 Adjectiven
1324 2300 1392 2362 und

243 2397 343 2463 selhst
365 2418 428 2461 von
450 2396 691 2461 substantivam.
1000 2464 1002 2467 .

328 2504 358 2580 a)
393 2519 454 2561 von
482 2497 729 2580 Adjeutiven
759 2498 940 2584 abhiingig:
976 2500 1056 2565 Catu
1084 2523 1108 2567 r.
1138 2521 1163 2568 r.
1194 2503 1222 2582 1,
1245 2502 1288 2565 38
1323 2526 1392 2568 non

243 2602 344 2666 solum
380 2598 418 2662 ad
452 2619 566 2684 agrum
586 2590 692 2680 utile,
726 2601 782 2664 sed
808 2601 904 2665 etiam
932 2602 972 2664 ad
1005 2603 1121 2671 cibum.
1172 2601 1316 2668 Ennius:
1352 2607 1393 2670 ad

242 2703 341 2767 vitam
363 2700 536 2765 humanam
560 2700 646 2766 utile.
691 2702 740 2766 Pl.
764 2701 864 2779 Poen.
887 2705 919 2785 3,
942 2704 973 2784 2,
997 2705 1017 2767 6
1039 2702 1184 2768 homines
1212 2706 1320 2790 magis
1351 2709 1394 2772 ad

245 2806 328 2867 hane
351 2825 418 2867 rem
440 2802 583 2868 idoneos.
623 2803 695 2870 Ter.
719 2803 804 2887 Eun.
823 2806 850 2883 1,
868 2807 899 2887 2,
921 2807 961 2870 51
985 2805 1025 2869 ad
1048 2828 1116 2869 rem
1139 2805 1271 2872 avidior.
1310 2809 1391 2880 Ciu.

244 2905 338 2971 catil.
368 2906 400 2984 3,
426 2905 449 2968 4
480 2903 611 2968 fatalem
645 2906 731 2969 hunc
764 2926 832 2969 essa
865 2928 987 2971 annum
1020 2907 1060 2971 ad
1093 2907 1259 2973 interitum
1292 2910 1392 2976 huius

242 3007 338 3071 urbis.
383 3009 413 3089 2,
442 3008 463 3072 5
495 3006 590 3090 paulo
624 3007 664 3070 ad
697 3007 822 3071 facinus
855 3008 1016 3073 audacior.
1042 3047 1078 3056 -
1103 3009 1223 3095 Haulig
1254 3011 1320 3075 u'nd
1356 3014 1391 3078 in

244 3109 330 3173 allen
346 3107 457 3172 Zeiten
480 3114 574 3191 uptus
596 3107 661 3171 und
684 3109 823 3191 idoneae,
848 3110 967 3174 welche
988 3111 1066 3176 aber
1087 3112 1168 3176 eben
1190 3134 1225 3176 so
1246 3116 1308 3196 gut
1330 3115 1393 3179 mit

244 3212 316 3275 dem
338 3210 437 3275 Dativ
459 3209 581 3277 stehen.
608 3248 644 3256 —
670 3210 747 3273 Liv.
764 3211 794 3293 6,
820 3213 858 3274 18
881 3212 921 3275 ad
944 3213 1169 3277 contumeliam
1191 3198 1391 3298 inexpertus.

243 3312 326 3376 ovid
358 3315 433 3377 fast.
462 3312 497 3387 2,
525 3311 588 3376 688
618 3311 712 3375 fortis
744 3312 784 3375 ad
817 3335 916 3377 arma.
974 3313 1057 3379 Plin.
1087 3337 1119 3378 n.
1142 3317 1174 3380 h.
1206 3317 1262 3398 13,
1292 3320 1324 3398 §-
1347 3319 1393 3382 54

244 3413 347 3478 fidelis
381 3413 421 3478 ad
455 3415 656 3477 vetustatem.
702 3413 806 3478 Rudis
834 3417 879 3479 ud
905 3417 1030 3498 aliquid
1058 3417 1110 3480 hei
1136 3416 1294 3482 Dichteru
1323 3422 1391 3484 und

246 3516 308 3580 seit
330 3515 440 3579 Livius
468 3513 587 3578 auch
578 3537 612 3579 in
641 3514 696 3643 der
718 3514 827 3580 Prona.
850 3553 892 3564 —
915 3515 991 3582 Tac.
1015 3540 1089 3584 uun.
1116 3521 1143 3602 1,
1166 3519 1208 3584 28
1230 3521 1327 3603 primi
1350 3523 1393 3587 ad

243 3617 473 3700 paenitentiam
496 3638 614 3680 sumus.

331 3719 448 3804 b)v0n
472 3717 963 3805 Substantivenabhangig:
993 3721 1065 3785 Ter.
1089 3722 1217 3786 Phorm.
1244 3726 1271 3806 1,
1294 3727 1325 3807 2,
1348 3728 1393 3792 55

243 3820 325 3883 nihil
349 3819 461 3883 aderat
447 3820 658 3885 tadiumenti
681 3821 721 3884 ad
748 3822 891 3905 pulchrit
877 3822 1032 3887 tudinem.
1077 3826 1142 3890 Oia.
1166 3826 1216 3893 off.
1238 3828 1268 3906 3,
1290 3828 1323 3909 u,
1347 3829 1387 3892 31

301 3960 342 3969 —-
365 3921 449 3986 hane
476 3944 606 3986 causam
634 3923 749 3988 haheat
776 3924 853 3987 ad
835 3925 1001 3993 iniuriam.
1044 3949 1078 3991 n.
1101 3927 1131 3990 d.
1155 3928 1183 4004 2,
1207 3928 1249 3992 52
1271 3948 1392 4012 oppor-

243 4024 398 4089 tunitatea
420 4026 460 4088 ud
484 4024 604 4089 uultum
626 4024 792 4089 hominum
811 4064 846 4074 -
864 4027 1073 4110 reperiuntur.
1111 4027 1247 4110 (111114,
1274 4031 1323 4112 14,
1350 4032 1393 4097 15

242 4148 284 4190 ne
307 4125 370 4190 illis
393 4126 520 4210 quidem
543 4126 716 4211 adingam
739 4127 826 4192 locus
849 4132 898 4192 est
920 4129 1142 4214 (wogegen§
1167 4133 1200 4193 ll
1228 4151 1269 4194 ne
1291 4132 1393 4217 fugae

243 4227 372 4310 quidem
394 4228 481 4293 loeus
503 4232 574 4310 est).

329 4327 514 4393 Zahlreicha
537 4330 653 4395 andere
671 4330 790 4415 Belhge
813 4331 892 4397 iiber
914 4332 970 4396 das
992 4331 1088 4397 finale
1110 4336 1156 4398 ud
1176 4333 1268 4418 gieht
1290 4333 1396 4481 1de

243 4429 336 4494 Tura.
361 4430 392 4496 S.
418 4432 454 4493 11
439 4431 518 4493 1-2
524 4432 593 4495 122.
