2948 5048
578 286 809 348 -215-

113 442 203 518 mus)
232 435 312 500 nihil
342 436 382 500 ad
410 458 487 501 rem.
522 435 694 500 'Aehnlioh
717 429 803 498 Philss
825 438 857 518 2,
882 437 931 518 15,
955 440 997 502 38
1019 460 1079 523 eqo
1100 437 1267 502 ineolumi·

113 538 180 602 tati
202 536 319 602 civium
341 539 489 622 primum,
511 540 548 600 11
569 541 680 620 postea
701 537 854 621 dignitati
875 537 1069 626 (consulere)
1090 559 1266 623 possemus,

114 639 172 703 ille
194 639 355 724 praesenti
376 639 528 723 dignitati
550 639 623 722 plus
645 638 833 703 consulebat
853 640 963 722 (stattr
986 641 1074 724 prius
1097 641 1265 706 consulen-

114 742 194 804 dum
228 741 396 824 censebat3
426 740 494 804 also
527 739 798 826 anakoluthisoh).
846 740 948 805 Nioht
975 763 1018 806 an
1045 745 1160 825 ersten,
1191 764 1265 808 son·

115 842 198 905 dern
226 862 288 905 nur
315 863 357 905 an
385 843 548 908 zweiter
569 840 667 909 Stelle
694 840 783 905 kann
811 840 862 905 die
883 841 1006 926 Ellipse
1028 843 1083 907 des
1105 843 1265 909 Verbums
1292 854 1295 859 ⁴

115 934 163 1007 im
185 943 330 1028 Dialog
352 946 578 1026 vorkornmen‚
601 943 661 1006 wie
684 941 755 1007 Ter.
778 940 881 1006 Andr.
908 945 935 1026 1,
962 946 989 1026 1,
1011 944 1053 1009 33
1075 944 1282 1028 gaudebam.n

115 1046 192 1109 Non
220 1044 340 1108 iniuria
367 1048 427 1128 (se.
449 1046 637 1130 gaudebas).
683 1046 715 1122 1,
739 1043 775 1122 2,
803 1043 996 1109 1511111111
1018 1046 1088 1130 agis
1110 1067 1152 1110 an
1173 1047 1263 1111 non?

79 1178 82 1181 ·
115 1146 191 1230 Ego
215 1167 289 1210 vero
310 1145 395 1211 istuo
416 1146 516 1231 (ago).
554 1168 581 1209 v.
604 1146 726 1209 23101
748 1144 855 1209 hercle
875 1145 1039 1230 intellego.
1073 1145 1173 1211 Non?
1203 1149 1264 1233 (in-

115 1247 273 1333 tellegis.)
318 1248 380 1311 Mit
402 1246 708 1312 stellrertretendem
730 1247 804 1311 item
826 1245 870 1311 ist
885 1245 941 1310 die
963 1246 1086 1332 llllipse
1107 1248 1152 1312 im
1174 1250 1264 1314 awei-

116 1354 173 1412 ten
196 1347 310 1413 Gliede
332 1349 383 1413 bei
406 1348 482 1415 Sall.
504 1349 580 1433 Jng.
606 1349 667 1412 100
688 1348 757 1430 ipse
779 1350 920 1412 armatus
942 1349 1162 1433 intentusque,
1184 1351 1261 1416 item

115 1450 238 1514 milites
259 1451 399 1534 cogebat
421 1454 478 1534 (so.
502 1454 641 1515 armatos
662 1449 865 1530 intentosque
887 1451 982 1535 esse).

198 1551 239 1616 Je
271 1551 429 1616 naohdem
460 1574 528 1616 nun
559 1551 616 1615 dns
649 1572 688 1614 zu
716 1550 917 1634 ergdnzende
945 1550 1087 1640 Verbum
1115 1574 1177 1618 von
1206 1554 1263 1619 der

112 1653 443 1739 eorrespondirenden
473 1651 709 1738 vollstbndigen
732 1650 827 1715 Form
856 1651 890 1716 in
917 1652 974 1716 der
996 1652 1160 1735 Person,
1190 1656 1261 1720 dem

111 1754 323 1832 Numerus,
357 1754 507 1833 Modus,
536 1755 705 1839 Tempus
733 1751 810 1817 oder
837 1752 967 1818 Genus
996 1754 1169 1839 auweicht,
1197 1779 1262 1821 zer·

113 1856 191 1920 ffillt
212 1855 265 1920 die
286 1855 409 1939 Ellipse
431 1857 466 1921 in
488 1856 505 1920 f
509 1858 582 1920 uns
601 1857 827 1922 verschiedene
849 1854 998 1921 Klassen.

205 1960 232 2021 1.
256 1956 475 2021 Personale
497 1957 635 2041 Enipeo,
657 1958 722 2023 und
745 1978 829 2021 zuar
850 1956 1012 2021 entweder

199 2080 228 2122 a
257 2059 328 2123 mit
355 2050 688 2123 ausdrlioklioher
715 2058 879 2144 Angabe
914 2057 980 2120 des
1008 2059 1260 2124 verschiede-

110 2183 192 2224 nen
223 2158 449 2243 Subjectes,
483 2159 558 2223 bald
592 2181 634 2223 an
666 2163 781 2241 erster,
816 2158 888 2223 bald
922 2180 963 2222 an
991 2158 1120 2223 aweiter
1147 2159 1259 2227 Stella:

111 2262 181 2327 cic.
206 2283 236 2344 p.
261 2260 349 2326 Cael.
374 2262 428 2343 17,
450 2262 491 2324 41
514 2259 590 2325 huie
616 2260 738 2326 homini
767 2281 827 2346 ego
854 2259 990 2324 fortasse
1017 2263 1050 2324 et
1070 2261 1163 2344 pauci
1185 2261 1260 2326 deos

109 2362 271 2447 propitios
304 2365 361 2447 (so.
395 2361 609 2449 putabimus),
642 2361 784 2446 plerique
818 2363 925 2425 autem
956 2361 1056 2424 iratos
1088 2363 1258 2445 putabunt.

110 2464 198 2528 Phil.
221 2465 259 2546 2,
285 2464 324 2528 15
346 2462 401 2527 sed
423 2467 456 2527 et
477 2484 538 2548 ego
567 2463 741 2547 (videbam)
770 2462 845 2548 quid
868 2462 923 2526 ille
946 2462 1095 2549 (sentiret
1117 2465 1150 2526 et
1171 2484 1259 2548 speo-

111 2570 224 2649 tnret),
247 2567 279 2629 et
302 2569 414 2629 eontra
433 2563 498 2648 ille,
521 2564 679 2652 qnidxego
693 2565 845 2630 sentirem
860 2567 893 2628 et
907 2567 1095 2648 spectarem,
1118 2563 1257 2630 videbat.

109 2666 203 2732 acad.
252 2666 288 2748 2,
315 2665 358 2730 36
384 2686 488 2749 neque
515 2687 588 2730 vere
615 2670 650 2730 11
678 2666 764 2730 solus
795 2666 846 2746 (ad
875 2670 963 2730 tuam
990 2665 1109 2749 rapies)
1138 2666 1193 2730 sed
1219 2667 1258 2730 ad

110 2790 204 2833 suam
232 2767 365 2851 quisque
392 2767 505 2850 rapiet.
534 2757 624 2851 pror.
652 2789 738 2833 oons.
773 2768 827 2851 10,
849 2767 892 2831 24
913 2789 989 2831 num
1013 2772 1061 2832 est
1082 2767 1182 2852 igitur
1204 2769 1259 2832 du·

110 2870 201 2934 bium
231 2869 308 2952 quin
336 2889 396 2952 ego
429 2868 464 2931 in
496 2868 552 2933 illo
584 2869 801 2955 oppugnando
832 2868 1026 2953 reipublicae
1058 2868 1130 2953 plus
1163 2892 1259 2953 quam

108 2971 179 3034 otio
208 2990 280 3033 meo
308 2968 572 3056 (prospexerim),
602 2970 748 3034 nonnulli
776 2970 811 3034 in
841 2969 949 3034 eodem
978 2969 1178 3034 defendendo
1200 2993 1258 3036 suo

108 3072 185 3156 plus
207 3071 274 3134 otio
296 3091 391 3153 quarn
414 3071 576 3135 communi
598 3070 840 3155 prospexerint?
873 3070 950 3134 fam.
966 3070 1080 3153 9,411
1102 3071 1129 3134 si
1151 3061 1259 3136 minus¹

109 3173 152 3236 ad
175 3193 236 3237 nos
257 3171 444 3257 (accurres),
468 3194 667 3237 accurremus
689 3172 730 3236 ad
750 3176 807 3249 te.x
837 3172 930 3236 Ouid.
953 3169 1028 3234 Her.
1055 3173 1102 3254 13,
1125 3173 1168 3235 40
1188 3172 1259 3256 ipsa
1306 3160 1313 3169 ⁵

108 3295 212 3338 noras
240 3277 344 3337 vestes
375 3273 520 3356 (feram),
549 3273 628 3338 dura
650 3274 700 3337 vir
720 3294 809 3337 arma
830 3271 922 3336 ferat.
964 3270 1113 3339 ,Phaedn
1127 3272 1181 3355 13,
1209 3272 1256 3351 12,

108 3377 131 3439 6
153 3395 217 3458 ego
244 3374 301 3456 qui
329 3378 362 3438 te
388 3373 498 3439 inveni
523 3412 559 3421 —
583 3396 642 3439 neo
664 3375 723 3439 tibi
747 3373 894 3458 prodesse
918 3372 1074 3457 (possum)
1097 3393 1156 3436 neo
1178 3371 1257 3436 mihi
1304 3451 1308 3457 ι

109 3475 285 3559 quidquam
312 3479 414 3558 potes.
459 3476 547 3541 Onrt.
577 3478 613 3556 l,
642 3476 680 3559 4,
712 3477 752 3540 14
780 3479 855 3540 ante
877 3473 931 3539 illo
953 3466 1073 3559 nqmen‘
1091 3474 1257 3554 (movebit)

110 3598 209 3660 quam
243 3579 280 3647 11
308 3597 452 3641 mensam
479 3578 574 3642 istam
602 3577 753 3642 movebis.
804 3575 880 3640 Tae.
908 3575 947 3640 G.
980 3577 1016 3638 11
1047 3595 1107 3639 neo
1135 3575 1257 3640 dierum
1316 3575 1318 3580 ’

112 3699 295 3755 nnmerum,
309 3681 345 3742 11
359 3700 419 3743 nos
435 3680 695 3762 (computamus),
718 3677 772 3742 sed
788 3679 929 3742 noctium
945 3679 1140 3760 computent.
1171 3676 1253 3742 Plin.

111 3801 163 3863 ep.
190 3783 225 3862 1,
250 3779 305 3862 10,
330 3779 370 3843 12
397 3801 500 3863 neque
528 3780 615 3844 enim
638 3801 713 3865 ege,
743 3782 779 3842 11
800 3779 893 3843 mulli
916 3778 1103 3864 (invident),
1129 3778 1256 3844 invideo

110 3881 185 3944 aliis
213 3880 298 3944 bono
326 3902 388 3963 quo
414 3881 483 3964 ipse
510 3902 614 3946 caree.
656 3902 730 3964 pan.
754 3881 812 3963 42,
836 3882 856 3944 3
877 3900 943 3945 non
973 3879 1058 3944 enim
1085 3879 1150 3944 iam
1172 3881 1256 3945 servi

110 3981 212 4046 nostri
240 3981 396 4065 principis
424 3982 518 4046 amioi
536 3983 664 4068 ·(sunt),
692 3980 747 4046 sed
776 4002 835 4045 nos
863 4003 982 4046 sumus.
1027 3979 1255 4064 (1111111110-

111 4073 193 4148 oem.
222 4083 266 4147 25
292 4083 427 4167 ideoque
461 4106 521 4149 nos
548 4104 614 4147 non
644 4082 833 4167 particulam
861 4082 965 4161 illam,
1002 4083 1085 4147 siout
1112 4082 1254 4167 plerique

111 4183 358 4268 (contulerunt),
381 4185 435 4248 sed
458 4184 610 4268 quidquid
631 4184 710 4249 utile
730 4222 773 4236 —-
795 4184 997 4250 contulimus.
1034 4184 1064 4263 3,
1080 4184 1148 4266 6,2
1170 4185 1255 4268 quod

112 4307 170 4350 nos
197 4288 317 4349 statum
339 4286 518 4370 (vocamus)
540 4284 573 4349 id
595 4286 722 4369 qnidam
744 4285 1007 4351 constitutionem
1029 4289 1153 4351 vocant.
1191 4285 1255 4351 Ne·

112 4386 306 4471 1012113
328 4391 498 4471 postquam
520 4387 553 4450 in
576 4389 646 4451 tuto
667 4386 735 4471 ipse
757 4389 840 4474 (esse
862 4389 963 4474 coepi)
987 4392 1020 4453 et
1040 4387 1094 4452 ille
1116 4387 1150 4452 in
1173 4390 1254 4474 peri·
