2926 5070
517 344 748 408 -203-

70 504 147 566 teras
169 498 359 586 accepisti?)
414 499 448 563 B.
475 497 567 583 Hisp.
592 496 634 561 26
656 499 752 582 prout
773 497 884 561 nostra
905 493 1055 562 felicitas.
1107 493 1150 558 42
1171 497 1209 557 ut

70 602 312 685 1111111).
1084 588 1086 591 ’

144 703 243 767 Meist
269 703 452 786 poetisch
479 703 522 766 ist
550 702 601 766 die
623 701 746 786 Ellipse
777 702 822 765 im
854 701 1097 786 Fragesatze
1124 699 1207 764 nach

70 827 121 888 quio
142 804 208 869 und
230 807 322 870 11111.
374 805 442 868 Α11
472 804 528 868 der
549 803 650 868 Prosa
682 805 725 868 ist
752 825 814 868 nur
842 802 999 866 bekannt:
1035 801 1099 868 cic.
1130 801 1207 865 fam.

70 909 93 985 l,
113 908 154 972 23
182 906 296 970 Martis
319 926 394 969 vero
416 908 544 992 signum
573 926 635 989 quo
663 904 742 969 mihi
764 905 853 989 pacis
875 903 1022 969 auctori?
1055 904 1114 988 (so.
1136 923 1207 986 pro-

69 1008 169 1093 dest?)
226 1006 300 1073 sen.
325 1010 426 1072 contr.
453 1010 481 1087 1,
504 1008 534 1090 2,
560 1010 572 1070 l
605 1027 668 1089 quo
696 1006 775 1069 mihi
805 1005 1003 1071 sacerdotem
1025 1005 1088 1068 -2
1133 1003 1207 1068 Seu.

69 1114 127 1173 nat.
150 1131 202 1193 qu.
229 1108 373 1192 1,16,8
408 1129 469 1193 quo
498 1108 676 1192 nequitiam
698 1107 824 1173 meam?
868 1111 972 1191 tranq.
997 1107 1026 1184 3,
1053 1107 1091 1171 13
1125 1105 1228 1169 unde'

70 1212 148 1275 enim
170 1211 306 1274 miserae
329 1209 452 1275 civitati
474 1215 524 1275 tot
546 1208 774 1274 Harmodios?
795 1209 862 1287 9,4
884 1229 946 1292 quo
962 1207 1041 1272 mihi
1056 1208 1153 1272 libros
1176 1211 1209 1270 et

70 1311 294 1376 bibliothecas?
342 1311 412 1376 Vol.
435 1311 523 1375 Max.
553 1312 584 1394 9,
611 1311 650 1375 13
673 1314 734 1375 ext.
759 1311 779 1374 2
802 1331 863 1395 quo
885 1314 1014 1374 tantum
1036 1309 1209 1373 liberorum

72 1413 253 1478 numerum?
305 1411 455 1500 Dichtept
491 1412 570 1477 Hor.
600 1435 649 1496 ep.
676 1416 701 1489 l,
724 1413 755 1494 5,
781 1414 820 1476 12
849 1433 911 1495 quo
940 1411 1019 1475 mihi
1047 1411 1209 1476 fortunam

73 1516 177 1599 (11111
200 1515 364 1599 optem?),
393 1515 509 1579 sinon
539 1515 725 1579 conceditur
747 1514 817 1578 uti?
868 1513 950 1577 Ovid
979 1535 1039 1577 am.
1063 1515 1092 1592 3,
1114 1513 1145 1592 4,
1167 1513 1208 1576 41

75 1639 129 1701 quo
150 1617 210 1681 tibi
232 1616 415 1694 formosam,
439 1617 553 1680 sinon
575 1615 638 1680 nisi
662 1620 751 1680 casta
771 1614 940 1699 placebat?
975 1619 1050 1679 met.
1075 1615 1125 1694 13,
1149 1614 1210 1679 103

76 1741 129 1802 quo
159 1722 268 1782 tamen
296 1717 376 1781 haec
405 1717 541 1782 Ithaco?
596 1718 632 1803 (i.
663 1740 689 1783 e.
718 1717 768 1782 oui
798 1716 884 1781 bono
911 1720 988 1780 sunt
1014 1715 1094 1781 haec
1123 1737 1212 1780 arms

78 1818 225 1900 Ithaco?).
268 1820 337 1883 her.
359 1821 388 1899 2,
411 1821 453 1884 53
481 1841 542 1903 quo
565 1819 630 1883 iam
651 1822 700 1883 tot
716 1818 860 1925 pignora
881 1816 997 1882 uobis?
1048 1817 1127 1882 Hor.
1151 1822 1211 1882 sat.

79 1921 103 2001 2,
121 1923 149 2003 5,
175 1921 234 1984 102
264 1923 348 1986 unde
371 1921 448 1985 mihi
470 1923 537 1984 tam
559 1920 677 1984 fortem
697 1924 826 2004 tamque
848 1918 999 1989 fidelem?¹
1032 1920 1091 2002 (so.
1115 1939 1211 2002 quae-

81 2042 135 2085 ram
161 2022 235 2087 oder
265 2026 401 2106 petam.)
456 2022 486 2101 2,
517 2023 544 2100 7,
572 2022 630 2086 116
658 2021 742 2086 unde
768 2020 847 2084 mihi
876 2020 1102 2103 1111111112-
1125 2020 1211 2086 uude

83 2124 221 2207 sagittas?
994 2190 996 2194 .

153 2224 256 2311 Virg.
287 2229 327 2289 A.
356 2228 385 2303 3,
413 2226 476 2291 489
503 2247 598 2309 super
624 2224 680 2312 (ε
707 2245 790 2309 quae
818 2227 987 2310 superest).
1039 2225 1137 2290 Ovid
1161 2248 1210 2309 ep.

87 2346 115 2387 er
132 2326 230 2391 Ponto
252 2328 284 2406 3,
299 2327 330 2405 5,
346 2328 388 2392 48
411 2328 516 2412 gratia
537 2325 602 2390 dis!
627 2348 654 2391 a.
679 2348 706 2390 a.
732 2329 759 2405 1,
776 2327 838 2390 744
853 2332 1007 2410 quantum
1023 2328 1073 2391 ad.
1103 2326 1211 2392 Selten

88 2426 134 2489 mit
160 2427 280 2513 Ellipse
317 2428 373 2492 der
405 2429 574 2492 aweiten
606 2427 743 2493 Person:
784 2428 860 2492 Hor.
890 2433 948 2493 sat.
975 2431 1006 2507 2,
1032 2428 1061 2509 8,
1089 2428 1110 2491 2
1136 2450 1211 2492 nam

88 2526 149 2592 nihi
168 2529 270 2596 dictus
293 2531 367 2615 (es).
414 2529 505 2594 Eben
533 2551 568 2594 so
596 2528 671 2599 Seu.
695 2534 797 2594 contr.
824 2530 940 2613 1,4,1
970 2534 1006 2594 11
1035 2530 1095 2594 viri
1117 2523 1211 2595 fortis

91 2626 175 2694 filius?

155 2730 290 2796 Livius
323 2732 404 2796 ldsst
435 2732 509 2798 sehr
544 2733 592 2797 oft
624 2733 675 2798 dis
704 2733 840 2797 Formen
875 2734 929 2798 des
952 2733 1111 2799 Verbums
1139 2755 1213 2813 ,sum

93 2850 135 2894 aus
157 2833 237 2899 beim
266 2833 389 2900 Partic.
414 2837 554 2918 passivi,
588 2834 669 2900 auch
698 2837 797 2918 foisse
825 2835 909 2899 beim
944 2835 1063 2902 Portie.
1091 2836 1212 2918 futuri:

92 2931 399 3021 23,2placiturum,
428 2937 500 3005 nisi.
539 2937 591 3020 24,
616 2938 641 3030 15
669 2959 811 3002 ausuros.
870 2937 918 3001 Im
953 2936 1211 3022 Oonjunctiv:

93 3031 133 3116 22,
151 3037 196 3101 31.
218 3038 271 3120 24,
295 3037 350 3100 27.
376 3037 428 3122 44,
450 3039 480 3102 4.
538 3039 593 3120 Im,
610 3039 741 3123 Impcq‘.
766 3038 863 3103 Iud:
890 3039 941 3117 24,
964 3040 984 3103 3
1013 3061 1068 3115 arn
1090 3040 1212 3123 procul.

95 3153 131 3216 cp.
148 3137 184 3202 24
205 3139 253 3202 oui
277 3127 414 3202 Helonis
435 3139 503 3204 filia
523 3144 634 3224 nupta.
680 3162 730 3224 cp.
744 3141 786 3206 36
808 3140 887 3205 adeo
908 3141 1061 3209 intentus.
1103 3142 1155 3220 44,
1171 3142 1214 3207 30

96 3232 261 3304 bellandum.
314 3240 506 3306 Ausaerdem
528 3241 586 3305 hat
605 3263 640 3306 er
662 3241 856 3325 Folgeudes:
885 3264 935 3306 me
964 3242 1035 3306 dius
1064 3242 1157 3306 fidius
1175 3244 1211 3324 b,

96 3334 117 3399 6.
134 3338 176 3418 22,
191 3342 241 3408 59.
288 3340 344 3406 sed
366 3342 443 3406 uolo
465 3342 610 3426 pluribus
634 3344 794 3427 (persequi
817 3342 893 3406 oder
915 3347 1104 3427 exponere),
1127 3365 1212 3407 sunr-

97 3456 160 3504 111
180 3465 243 3507 rem
268 3443 462 3527 complectar
483 3445 535 3527 34,
550 3445 602 3509 32.
647 3444 691 3508 dii
714 3444 847 3508 meliora
869 3444 898 3526 9,
911 3444 945 3512 9.
981 3444 1055 3529 quid
1078 3445 1215 3529 postea?

96 3536 159 3617 4,·4.
182 3544 395 3629 nequidquam
417 3547 468 3624 42,
491 3547 541 3611 64.
573 3550 608 3610 ut
629 3546 693 3610 iam
716 3547 761 3609 ita
783 3546 849 3609 sint
869 3545 964 3611 haec:
987 3545 1062 3630 quid
1085 3546 1125 3612 ad
1148 3567 1212 3631 vos,

97 3635 228 3710 Romani?
251 3647 304 3730 34,
328 3646 379 3712 32.
415 3651 494 3712 tuno
522 3647 649 3712 demum
675 3648 807 3712 nuntius
835 3647 876 3711 ad
897 3648 1025 3711 tertiam
1052 3647 1213 3731 legionem

97 3748 282 3812 revocandam
307 3748 437 3833 (missus
459 3752 520 3832 est)
543 3750 596 3832 41,
619 3750 648 3815 3.
677 3750 787 3813 eodem
809 3752 952 3832 tempore
974 3749 1014 3812 ad
1034 3747 1213 3813 Eumenem

97 3848 122 3904 el
145 3848 178 3912 ud
197 3849 393 3914 Antiochum
425 3849 608 3915 communia
643 3850 794 3916 mandata
828 3851 940 3935 (missa
969 3846 1138 3933 sunt)'44,
1161 3851 1211 3914 24.

96 3941 163 4012 itane
181 3951 330 4015 landem?
353 3952 404 4036 44,
430 3953 478 4017 15.
523 3972 560 4016 ex
583 3953 646 4016 mei
668 3953 767 4017 enimi
791 3951 950 4017 sententia
973 3952 1069 4037 (iuro)
1094 3952 1144 4035 22,
1159 3953 1211 4016 53.

97 4064 127 4107 0¹
142 4051 182 4115 tui
201 4052 300 4117 animi
322 4054 483 4119 sententia
503 4055 555 4134 43,
581 4057 630 4119 15.
681 4054 756 4138 quid
784 4075 879 4139 super
909 4054 1076 4139 sauguinis
1098 4054 1211 4139 (esset3

96 4147 145 4229 vgl.
163 4153 239 4218 oben
261 4153 352 4240 Virg.
375 4156 418 4221 A.
440 4156 470 4235 3,
492 4155 556 4220 489
579 4156 688 4240 super)
710 4156 741 4239 4,
762 4156 814 4239 58,
840 4157 888 4222 13.
939 4156 1057 4219 malum
1085 4155 1212 4239 quidem

95 4247 226 4319 militibus
243 4256 330 4336 meis,
354 4257 416 4321 nisi
432 4257 612 4341 quieverint
632 4258 662 4341 4,
677 4257 728 4321 49.
773 4279 865 4341 quae,
888 4258 1018 4337 malum,
1041 4258 1123 4322 ratio
1140 4258 1212 4321 est?

93 4348 172 4425 5254·
205 4357 286 4421 nihil
308 4363 426 4423 temere
448 4380 508 4424 nec
525 4360 648 4444 trepide
662 4357 838 4445 (egerunt).
876 4358 1139 4444 Eigenthumlich
1162 4359 1213 4423 bei

93 4455 194 4531 maie:
230 4458 260 4542 3,
282 4459 332 4538 62,
355 4460 375 4524 6
408 4460 563 4543 proelium
585 4460 663 4544 fuit,
691 4460 784 4544 quale
811 4461 895 4525 inter
922 4460 1056 4526 fidentes
1084 4460 1213 4526 sibimet
