2926 5070
715 329 752 338 -
798 291 944 356 208-

262 443 337 509 oder
365 467 427 508 nur
455 444 641 510 iihnliche
669 444 712 529 (d.
730 444 771 508 h.
802 444 861 508 mit
847 444 1024 509 tenderer
1046 442 1182 508 Flexion
1213 443 1403 532 versehene)

263 544 399 610 Formen
422 570 460 610 zu
485 551 658 661 ergiinzen.

347 648 371 712 1.
395 647 518 733 Ellipse
541 649 599 711 mit
620 647 822 732 Ergtnzung
843 647 1029 762 gleicher
1051 591 1197 714 Formen.

349 752 376 815 1..
400 748 572 833 Opposit
558 749 752 812 tionelles
776 747 945 813 Verhelt
899 752 980 814 tnrss
1002 749 1066 813 und
1089 772 1174 814 zwar

347 875 375 914 a
399 853 642 935 congruent:
672 848 736 915 cie.
759 849 815 914 fin
836 851 909 933 2,1
938 872 1005 915 non
1037 852 1123 915 enim
1146 816 1262 916 solum
1272 852 1412 937 Torqua-

262 957 313 1017 tus
341 952 437 1035 dixit,
470 951 545 1036 quid
572 951 718 1032 sentiret
692 951 864 1015 teedet
832 953 929 1016 etiem
957 973 1021 1021 cur
1077 953 1116 1017 de
1142 974 1186 1017 or
1221 953 1317 1035 2,15
1346 955 1414 1019 vult

262 1055 360 1119 etiam
395 1054 429 1118 in
451 1053 545 1117 rebus
573 1053 673 1137 gestis
703 1000 857 1117 declarari
886 1075 951 1118 non
981 1055 1085 1119 solum
1115 1054 1190 1138 quid
1222 1060 1330 1120 actum
1358 1061 1414 1122 aut

266 1156 387 1220 dictum
409 1156 469 1238 eit,
501 1155 556 1219 sed
584 1154 681 1218 etiem
710 1157 871 1236 quomodo.
916 1155 1050 1230 Quintil.
1082 1159 1131 1237 11,
1158 1157 1186 1238 1,
1212 1157 1229 1219 7
1258 1178 1318 1221 nec
1341 1158 1412 1241 plus

262 1257 376 1335 refert,
407 1257 481 1340 quid
510 1256 597 1320 dicas
625 1277 720 1340 quam
742 1277 806 1338 quo
829 1257 900 1321 loco.
950 1256 1022 1321 Mit
1052 1256 1315 1343 Steigerung:
1346 1258 1410 1324 (ΙΙΙ.

262 1359 354 1427 Tuae.
381 1362 409 1442 1,
433 1359 473 1422 31
497 1379 593 1441 quam
616 1378 687 1421 cum
710 1357 800 1442 lego,
830 1357 911 1421 nihil
933 1359 1018 1422 melo
1041 1380 1137 1443 quam
1160 1358 1217 1421 hes
1240 1380 1291 1423 res
1314 1359 1410 1424 relin-

262 1481 375 1543 quere,
406 1460 456 1523 his
479 1480 553 1523 vero
576 1457 824 1538 modo-auditis,
851 1459 952 1523 multo
977 1461 1080 1545 magis
1113 1459 1197 1547 (scil.
1220 1460 1303 1525 nihil
1325 1461 1409 1526 maio

261 1593 303 1615 =
325 1560 426 1625 multo
448 1559 550 1645 magis
581 1559 641 1624 hoo
668 1559 765 1646 volo).
820 1560 895 1624 fem.
925 1562 955 1641 4,
985 1562 1014 1640 8,
1041 1564 1056 1625 1
1090 1582 1194 1646 neque
1224 1583 1356 1626 monere
1379 1567 1409 1626 te

262 1663 363 1728 audeo
388 1700 425 1709 -
454 1682 514 1725 nec
537 1660 742 1746 confirmare,
771 1663 931 1728 consolari
960 1685 1032 1727 vero
1059 1662 1148 1727 nullo
1176 1664 1283 1729 modo.
1336 1662 1409 1728 Seu.

263 1785 313 1847 ep.
335 1764 386 1842 22,
412 1763 451 1827 13
482 1783 554 1826 cum
582 1763 731 1827 omnibus
759 1765 862 1846 possit
890 1765 1078 1849 contingere
1110 1770 1146 1828 ut
1173 1765 1254 1829 bene
1285 1766 1408 1849 vivant,

263 1870 299 1929 ut
321 1864 390 1948 diu,
414 1865 503 1931 nulli.
560 1862 648 1928 Curt.
671 1864 702 1947 4,
728 1868 744 1929 1
775 1887 850 1929 cave
877 1865 1075 1932 obliviscaris
1104 1865 1198 1931 huius
1227 1871 1348 1951 status,
1377 1868 1408 1930 iu

261 1988 323 2051 quo
353 1966 472 2051 accipis
508 1988 660 2051 regnum,
694 1966 791 2031 immo
826 1966 955 2032 hercule
985 1971 1119 2052 propter
1147 1989 1250 2051 quem.
1300 1968 1408 2032 Selten

261 2069 305 2133 ist
326 2071 382 2133 das
411 2068 602 2153 negative
626 2067 774 2133 Priidicat
801 2069 845 2132 im
868 2069 1000 2132 zweiteu
1025 2068 1137 2132 Gliede
1165 2091 1204 2133 zu
1233 2075 1407 2155 ergienzen:

262 2167 329 2234 Cic.
352 2169 444 2238 Tusc.
467 2171 497 2252 2,
520 2171 540 2232 5
571 2174 607 2234 ΙΙ
629 2190 707 2253 ager
729 2170 798 2234 eine
821 2169 944 2233 culture
965 2168 1147 2234 fructuosus
1170 2191 1326 2236 essenon
1345 2177 1408 2254 pot-

261 2276 322 2353 est,
351 2273 397 2335 sic
424 2272 493 2339 sine
522 2270 666 2336 doctrine
694 2271 829 2336 unimus.
879 2271 967 2336 acad.
990 2274 1021 2354 2,
1045 2272 1065 2334 2
1095 2275 1170 2336 eunt
1199 2272 1285 2336 enim
1309 2273 1408 2357 multi,

261 2373 315 2455 qui
343 2373 473 2436 omnino
497 2371 635 2437 Graecas
662 2394 727 2438 noe
749 2378 854 2438 ament
880 2374 1019 2454 litteras,
1050 2372 1157 2457 plures
1184 2375 1237 2456 qui
1268 2374 1408 2458 philoso-

261 2472 380 2557 phiam.
439 2474 513 2538 Seu.
542 2474 582 2538 ad
604 2473 697 2538 Hele.
727 2475 799 2557 9,6
830 2475 884 2539 sed
914 2473 986 2558 plue
1013 2474 1115 2538 multo
1144 2480 1333 2541 consecutus
1361 2481 1409 2541 eet

262 2596 323 2658 quo
347 2576 397 2639 die
419 2575 509 2639 illum
533 2576 697 2639 consulem
722 2575 803 2639 Brut
789 2579 840 2641 tus
863 2575 1042 2659 relinquere
1064 2597 1129 2639 ΙΙΙ
1145 2579 1266 2659 potuit,
1293 2576 1409 2643 Caesar

263 2675 378 2740 videre.
424 2676 513 2741 Lact.
537 2677 569 2759 2,
593 2678 642 2759 13,
665 2677 763 2760 4qui
785 2697 850 2742 ΙΙΙ
872 2681 948 2740 sunt
969 2677 1009 2740 ed
1031 2677 1152 2741 inferos
1173 2681 1302 2761 recepti,
1324 2679 1409 2743 sicut

260 2777 294 2840 in
318 2776 440 2841 coelum
464 2782 614 2861 parentes
637 2800 745 2842 eorum
769 2779 829 2862 (sc.
852 2800 918 2842 non
941 2782 1017 2842 sunt
1036 2799 1129 2862 recep
1131 2779 1180 2864 Ι)
1226 2778 1315 2842 Weit
1330 2779 1407 2843 hitu-

260 2877 341 2962 figer
362 2878 484 2942 wird
458 2901 509 2944 ern
533 2881 639 2964 posit
645 2880 731 2946 ires
754 2881 862 2944 und
835 2902 888 2944 ern
909 2879 1122 2965 negatives
1137 2877 1407 2966 Vergleichungs·

261 2979 347 3064 glied
371 2981 525 3046 einander
547 2981 863 3067 gegendbergeetellt
885 2982 943 3046 mit
966 2981 1087 3065 Ellipee
1110 2980 1165 3045 des
1180 2980 1341 3046 Verbums
1362 2984 1407 3047 im

261 3083 481 3166 negativen
515 3083 643 3149 Gliede:
677 3082 779 3148 Plaut.
809 3084 898 3148 Trin.
928 3085 990 3148 481
1025 3083 1173 3147 decedam
1202 3104 1262 3168 ego
1291 3083 1339 3148 illi
1368 3087 1407 3149 de

260 3184 312 3247 vie
341 3222 378 3231 —
410 3206 520 3249 verum
547 3185 629 3269 quod
659 3189 804 3279 ventrem
831 3184 958 3269 attigit,
986 3204 1051 3249 non
1077 3183 1184 3248 hercle
1212 3183 1275 3249 hoc
1297 3185 1407 3271 longe.

261 3284 325 3350 Cic.
354 3287 408 3354 fin.
442 3288 472 3366 3,
499 3289 547 3370 15,
569 3289 608 3350 51
637 3288 756 3371 partim
787 3323 828 3334 —
856 3286 973 3370 partim
1001 3306 1076 3350 ΙΙΙ.
1126 3286 1196 3350 ΑΙΙ.
1228 3287 1275 3364 14,
1309 3287 1356 3370 12,
1386 3288 1407 3350 2

260 3387 430 3472 Octavius,
459 3410 552 3472 quem
580 3387 707 3472 quidem
735 3387 783 3452 sui
813 3385 981 3451 Caesarem
1010 3387 1208 3469 salutabant,
1236 3386 1411 3472 Philippus.

259 3511 333 3569 ΙΙΙ,
357 3491 466 3573 itaque
489 3510 611 3554 nenos
634 3489 771 3574 quidem.
826 3488 874 3568 16,
898 3488 918 3552 9
946 3487 1084 3554 Varroni
1106 3488 1233 3572 quidem
1257 3489 1407 3574 displicet

260 3590 428 3656 consilium
456 3579 563 3674 pueri,
595 3590 674 3655 mihi
696 3612 771 3656 noe.
830 3590 914 3654 Seu.
946 3611 995 3673 ep.
1024 3590 1074 3672 85,
1098 3590 1139 3654 23
1167 3590 1231 3654 tela
1257 3592 1407 3657 fortunae

260 3715 325 3758 non
348 3693 497 3756 timebit?
534 3691 620 3758 Non.
644 3692 718 3776 Vgl.
743 3695 772 3773 ξ.
796 3692 848 3756 84.
876 3729 918 3738 -
940 3688 1003 3755 Wo
1021 3690 1141 3775 jedoch
1163 3695 1242 3756 ststt
1262 3714 1328 3757 ΙΙΙ
1350 3693 1406 3758 des

259 3793 544 3879 gebriiuchlichere
572 3814 637 3859 ΙΙΙ
657 3796 731 3858 item
753 3793 856 3874 steht,
885 3793 928 3858 ist
949 3793 1043 3858 keine
1066 3792 1258 3877 eigentliche
1279 3793 1405 3879 Ellipse

259 3919 297 3960 zu
329 3896 501 3973 stetuiren,
534 3896 574 3959 da
608 3896 663 3960 das
691 3893 840 3959 fehlende
868 3894 1019 3960 predicat
1051 3894 1150 3959 durch
1186 3898 1259 3960 item
1288 3902 1405 3961 ersetzt

259 3998 348 4063 wird.
395 3997 452 4061 Bei
475 3997 610 4072 Quintil.
632 3997 661 4076 2,
687 3997 737 4079 14,
760 3996 782 4059 4
804 3996 904 4061 findet
925 3997 995 4062 sich
1017 3996 1110 4060 defer
1131 4017 1195 4061 nou
1208 3998 1263 4061 ΙΙΙ.
1310 3999 1402 4062 Aucti

176 4094 180 4099 ”
259 4105 368 4166 contro
390 4100 432 4163 ist
453 4100 534 4164 eben
556 4121 591 4164 so
613 4098 895 4177 stellvertretendz-
910 4096 974 4162 Cic.
998 4098 1064 4161 inv.
1089 4099 1119 4180 2,
1144 4099 1194 4179 17,
1209 4098 1252 4162 54
1273 4097 1404 4162 illorum

153 4268 154 4271 ,
259 4205 377 4265 contra.
411 4204 493 4284 pert.
517 4222 562 4264 or.
586 4202 616 4279 5,
641 4201 679 4265 17
702 4201 765 4263 elia
788 4202 909 4263 contra.
949 4200 1004 4263 fin.
1027 4199 1058 4280 3,
1084 4199 1134 4281 16,
1157 4200 1199 4262 54
1222 4200 1276 4282 qui
1299 4199 1405 4283 aliter,

259 4306 380 4367 contra.
411 4339 449 4348 -
478 4300 565 4366 Statt
592 4302 646 4366 des
674 4301 779 4386 wenig
807 4301 967 4364 beliebten
996 4300 1166 4365 einfachen
1188 4322 1254 4365 ΙΙΙ
1277 4303 1407 4367 wendet

259 4403 370 4468 Cicero
394 4403 492 4467 lieber
514 4404 700 4467 stiirkere
723 4402 926 4487 Negationen
950 4424 1001 4485 an,
1032 4403 1240 4482 nullomodo,
1264 4404 1407 4469 seltener
