2926 5070
717 287 948 349 „244-

260 441 339 504 satis
362 440 466 504 faeere
483 442 613 522 possim.
652 437 733 522 (Der
747 437 961 503 Sohreibende
983 437 1027 501 ist
1048 437 1149 501 selbst
1169 434 1254 500 noch
1270 436 1404 500 0001101-

259 540 344 619 haft,
374 562 438 604 wss
466 561 500 604 er
527 540 611 605 thun
638 538 722 623 0011.)
766 538 936 623 Pompeius
964 561 1014 624 ap.
1037 537 1103 607 Cic.
1134 537 1176 602 od
1201 538 1271 602 Att.
1294 537 1329 621 8,
1355 538 1403 622 12,

261 641 288 705 Β
313 645 329 705 1
353 643 467 724 miror,
497 642 572 725 quid
595 663 708 706 causae
729 641 841 724 fuerit,
869 661 968 724 quare
990 640 1158 705 eonsilium
1179 642 1316 704 mutares
1339 639 1405 722 (dic

259 742 383 828 Fulgen
422 743 479 807 der
514 741 797 828 Sinuestnderung
835 743 956 808 dsuern
988 741 1082 827 fort).
1133 733 1222 805 Aber
1254 740 1337 805 auch
1369 741 1403 805 in

259 844 486 910 Nebens'stzen
521 847 650 909 erster
677 844 791 909 Klusse
818 844 943 908 kommt
970 844 1022 908 ein
1049 842 1289 927 Haupttempus
1319 841 1403 906 noch

259 947 334 1012 bist.
358 946 487 1012 Perfect
508 968 574 1011 vor.
612 944 644 1010 S.
669 950 699 1027 ξ.
724 947 793 1011 131.

344 1071 371 1113 0.
395 1048 729 1131 Haupttemporu,
752 1069 845 1112 wenn
868 1047 925 1112 dos
940 1047 1068 1113 Perfect
1082 1047 1138 1111 des
1153 1052 1261 1111 ersten
1275 1046 1401 1114 Nebeu·

259 1154 363 1215 sctzes
390 1173 457 1214 zur
487 1148 916 1233 Praeseusbedeutung
942 1149 1143 1233 hinneigt:
1172 1148 1243 1214 uic.
1273 1149 1350 1214 fam.
1372 1152 1401 1229 6,

259 1253 288 1330 9,
311 1252 332 1314 2
353 1252 507 1335 reliquum
526 1256 576 1315 est
596 1254 641 1333 ut,
666 1272 737 1314 curn
761 1253 928 1334 coquerem,
951 1251 1027 1334 quid
1050 1256 1086 1314 tu
1112 1289 1146 1298 -
1171 1251 1401 1331 seutios,nss1il

258 1376 278 1417 s
300 1359 332 1417 te
353 1359 462 1438 petam
482 1354 546 1417 nisi
569 1356 624 1421 011.
659 1354 710 1435 10,
732 1352 782 1432 22,
805 1352 1297 1437 2,(10101001111000011010010,
1320 1354 1402 1418 arbi·

259 1459 327 1520 tror
348 1458 381 1519 te
404 1477 442 1519 ex
464 1453 577 1520 Planci
598 1455 713 1519 litteris
737 1455 935 1539 cognovisse.
975 1457 1023 1537 11,
1047 1454 1075 1533 7,
1102 1459 1116 1516 l
1141 1476 1222 1538 quae
1244 1476 1316 1518 men
1338 1455 1402 1519 tue-

256 1544 300 1620 rit
326 1559 502 1640 sententia,
533 1577 687 1641 cognosse
714 1561 747 1620 te
775 1578 813 1621 ex
841 1555 885 1620 M.
909 1555 981 1620 Seio
1015 1555 1163 1621 arbitror.
1207 1555 1403 1635 Ρ1111.2,46

260 1679 320 1721 nec
343 1657 499 1743 intelligis
520 1659 598 1723 satis
622 1679 690 1722 esse
712 1658 831 1722 viribus
854 1657 992 1723 fortibus
1013 1659 1166 1742 didc‘etsse,
1188 1679 1284 1741 quam
1306 1659 1349 1723 sit
1366 1694 1402 1704 —

256 1759 345 1823 fama
376 1759 564 1843 gloriosum,
598 1764 770 1843 tyrannum
801 1759 967 1825 occidere?
1016 1761 1084 1825 Att.
1116 1763 1147 1842 1,
1177 1759 1233 1839 16,
1260 1761 1283 1823 4
1311 1759 1404 1825 oredo

256 1864 289 1924 te
317 1899 358 1909 —
386 1862 524 1938 audisse,
560 1870 657 1943 quse*
670 1861 895 1926 consurrectio
914 1861 1054 1925 iudicum
1080 1860 1168 1925 facts
1198 1862 1250 1929 sit.
1294 1860 1404 1925 Rebir.

259 1962 346 2046 perd.
371 1963 408 2044 2,
433 1963 450 2026 7
474 1964 508 2031 in
536 1983 599 2046 quo
622 1985 682 2046 ego
698 1963 848 2028 ‘demiror
870 1963 1054 2027 meminisse
1075 1965 1124 2044 10,
1152 1962 1229 2046 quid
1251 1963 1406 2027 obiecerit

258 2062 290 2130 Ο.
312 2063 446 2127 Rabirio
469 2064 577 2128 Macer
598 2065 761 2143 inimicus,
786 2051 914 2130 oblitum
937 2085 1016 2147 esse,
1040 2063 1115 2148 quid
1138 2065 1232 2148 aequi
1253 2068 1287 2128 et
1307 2063 1406 2128 iurati

118 2167 126 2184 ⁸
255 2165 375 2229 iudices
403 2165 586 2230 iudicarint.
629 2165 738 2239 Plano.
768 2166 878 2230 23110
906 2166 1077 2250 negligens
1105 2168 1195 2231 vobis
1223 2187 1293 2231 esse
1321 2166 1405 2230 vide·

258 2266 360 2345 bitur,
385 2270 420 2330 ut
442 2268 526 2331 unde
549 2268 698 2347 audierit,
722 2267 840 2332 oblitus
862 2269 915 2332 sit.
960 2265 1086 2332 Caelius
1109 2290 1159 2351 up.
1184 2266 1250 2332 Cic.
1274 2268 1352 2332 fam.
1375 2269 1405 2352 8,

256 2370 285 2449 6,
309 2369 329 2432 2
352 2369 427 2452 quid
455 2369 534 2432 mihi
562 2368 725 2434 discedens
754 2369 931 2452 mundaris,
965 2370 1114 2452 memini3
1149 2370 1225 2451 quid
1255 2390 1317 2455 ego
1347 2370 1406 2433 tibi

257 2471 455 2554 scripserim,
484 2474 516 2534 te
538 2493 605 2535 uon
627 2471 763 2535 arbitror
785 2470 928 2534 oblitum.
974 2469 1038 2536 Gic.
1061 2472 1106 2535 ib.
1132 2473 1182 2554 11,
1205 2470 1257 2550 21,
1280 2471 1302 2535 4
1324 2471 1406 2534 obli-

256 2576 367 2635 tumne
394 2593 445 2635 me
471 2576 581 2655 putas,
609 2594 672 2656 qua
693 2572 870 2649 celeritate,
893 2575 930 2636 ut
951 2572 1089 2656 primum
1112 2571 1266 2656 audieris,
1290 2572 1406 2637 adme

256 2673 396 2738 Tarento
424 2673 607 2737 advolutis?
652 2676 721 2738 Att.
746 2674 780 2753 8,
804 2674 841 2755 9,
868 2675 883 2736 1
908 2677 944 2737 ut
966 2663 1110 2739 1001010401
1133 2695 1201 2737 0000
1222 2673 1337 2757 velim,
1368 2673 1406 2737 de

256 2796 334 2858 pace
357 2774 433 2858 quid
455 2775 619 2839 senserim.
657 2779 735 2840 orat.
756 2776 900 2860 8itoque
923 2797 956 2839 se
978 2797 1120 2860 purgans
1142 2776 1265 2839 iocatur
1287 2774 1405 2839 Demo·

257 2875 402 2961 sthenes3
433 2881 533 2961 negat
559 2877 594 2941 iu
622 2899 660 2942 eo
676 2879 800 2961 positus
821 2865 890 2941 esse
912 2877 1058 2942 fortunas
1081 2876 1251 2961 Graeciae,
1282 2876 1345 2941 hoo
1367 2900 1420 2943 en.

255 2978 312 3042 illo
335 2979 430 3043 verbo
452 3000 527 3043 usus
550 2979 602 3060 sit,
626 2979 688 3043 huc
710 3000 751 3042 an
772 2979 848 3042 illuc
870 3000 1000 3043 menum
1021 2979 1204 3062 porrexerit.
1241 2979 1297 3043 fin.
1313 2980 1346 3063 5,
1364 2979 1406 3044 29

256 3079 311 3144 sed
345 3102 416 3145 curn
450 3083 622 3146 eonstiterit
654 3081 740 3145 inter
773 3079 855 3143 viros
884 3079 1009 3160 doctos,
1043 3080 1155 3164 quanti
1182 3101 1234 3144 res
1261 3102 1406 3165 quaeque

257 3182 308 3250 011.
351 3183 453 3261 Aber,
482 3184 543 3247 wie
570 3184 605 3247 in
627 3182 684 3246 Nr.
708 3181 743 3263 b,
772 3182 921 3246 kommen
944 3181 1024 3246 such
1047 3181 1133 3246 noch
1155 3181 1265 3246 diesen
1288 3181 1406 3248 Verbis

160 3317 170 3330 -ι
256 3285 309 3348 bei
340 3286 505 3350 einfacher
538 3284 782 3369 Abbiingigkeit
811 3283 1066 3369 Haupttemporc
1098 3283 1153 3347 des
1185 3282 1405 3349 Nebensetzes

258 3407 323 3450 vor.
361 3386 392 3451 S.
415 3391 445 3468 ξ.
473 3390 542 3452 131.

341 3490 370 3554 3.
394 3489 678 3557 Relatirsiitze.

341 3592 380 3659 A.
403 3590 531 3673 Solehe,
560 3591 610 3655 die
639 3589 866 3675 ursprttnglioh
893 3590 937 3654 im
963 3590 1167 3656 Indioatir
1196 3590 1311 3656 stehen
1338 3592 1404 3657 und

256 3693 326 3756 hier
347 3691 399 3755 bei
420 3693 587 3776 doppelter
603 3692 850 3778 Abhiingigkeit
869 3714 930 3757 nur
952 3713 1064 3777 wegen
1085 3693 1141 3756 der
1156 3693 1259 3757 oratio
1275 3693 1406 3778 obliquo

257 3794 317 3858 deu
348 3794 542 3877 Conjuuotiv
570 3794 722 3859 erhclten.
767 3794 860 3864 Auch
888 3796 922 3858 in
949 3793 1049 3858 ihnen
1077 3794 1149 3858 siud
1172 3793 1208 3876 je
1235 3794 1323 3859 nach
1351 3797 1407 3861 der

256 3896 525 3981 urspritnglichen
554 3896 783 3962 construction
811 3896 1036 3960 verschiedene
1063 3895 1221 3979 Tempora
1248 3895 1407 3981 m'oglich:

194 4044 196 4047 -
257 4019 285 4062 a.
314 3998 655 4084 Nebentemporu,
689 3997 845 4062 zuntohst
872 3999 928 4063 das
955 3997 1188 4081 Imperfect:
1221 3997 1285 4082 leg.
1318 3997 1407 4064 Mun.

261 4101 299 4163 12
322 4101 375 4184 qui
399 4100 437 4164 ad
461 4122 516 4165 vos
540 4100 581 4164 sb
603 4102 720 4165 exteris
743 4100 926 4164 ustionibus
947 4102 1101 4182 uenirent,
1129 4102 1240 4182 captos
1263 4103 1408 4183 querar?

261 4200 351 4265 Verr.
374 4203 410 4282 2,
433 4202 476 4265 44
498 4203 640 4266 dubitate
662 4204 774 4286 etism,
803 4202 829 4265 si
852 4202 1002 4286 potestis,
1027 4203 1105 4286 quin
1127 4223 1200 4266 eum
1222 4201 1284 4266 iste
1307 4205 1410 4288 potis-

218 4378 220 4382 ,
259 4303 374 4366 simum
406 4302 561 4388 delegerit
589 4342 628 4351 -
657 4326 751 4388 quem
779 4302 853 4368 huic
882 4304 1136 4367 inimicissimum
1169 4340 1201 4352 -
1234 4304 1412 4371 arbitrare-

257 4406 319 4467 tur.
356 4405 386 4483 3,
403 4404 420 4467 7
440 4406 506 4469 scio
529 4409 561 4468 te
582 4407 797 4489 possessiones
818 4405 1031 4471 hereditatum
1053 4425 1118 4468 uon
1142 4406 1320 4471 seeundum
1344 4429 1412 4493 eos,
