3000 5064
523 339 752 403 -321-

55 492 87 551 nt
116 489 278 572 quaedam
310 492 420 570 eontra
442 493 592 553 naturam
614 491 786 574 depravata
807 490 974 568 haberent,
998 493 1204 559 restitueren-

50 592 105 653 tur
129 595 164 654 91
186 591 427 676 corrigerentur
448 590 488 654 ab
511 591 648 655 natura?

138 692 162 754 f.
187 690 406 776 Folgesatn
428 693 488 757 mit
508 698 560 756 ut:
583 714 612 775 p.
635 691 726 757 Sulla
747 694 797 770 21),
813 694 855 759 18
875 696 943 777 ipse
966 696 1074 759 nutem
1089 694 1204 761 Sittius

41 792 75 856 is
99 793 202 857 homo
224 798 274 858 est
296 831 335 841 -
352 797 395 857 ,ut
416 791 478 857 hoc
501 793 586 857 credi
609 794 718 876 possit,
742 815 813 858 enm
836 795 955 859 bellurn
977 796 1097 880 populo
1111 796 1202 861 Rom.
1275 819 1277 822 ·

41 894 161 958 facere
189 895 349 958 voluisse?
397 897 447 974 ut,
482 895 570 959 cuius
598 897 689 978 pater
715 932 757 942 —
785 896 942 980 singulari
974 898 1137 961 exstiterit
1168 898 1204 961 in

41 1017 154 1079 remp.
180 1000 323 1061 nostram
346 995 454 1060 officio
476 1000 509 1058 et
529 995 607 1074 fide,
636 996 664 1060 is
686 996 747 1060 sibi
770 997 927 1061 nefarium
949 997 1068 1062 bellum
1091 1001 1204 1063 contra
1303 1078 1309 1083 ¹

41 1097 194 1181 patriam
218 1097 454 1181 suscipiendum
470 1097 622 1179 putaret?
659 1101 710 1178 (st.
734 1100 864 1182 putarit,
888 1120 998 1184 wegen
1021 1099 1127 1164 facere
1151 1122 1203 1165 vo·

41 1199 181 1279 luisse.)
230 1197 486 1264 Anakolnthisch
520 1201 607 1263 steht
638 1199 690 1262 ein
716 1198 901 1284 Folgesatz‚
934 1222 985 1264 wo
1018 1201 1071 1264 ein
1104 1223 1204 1266 neuen

41 1299 237 1382 Hauptsatn
265 1300 376 1384 folgen
406 1299 514 1363 sollte:
548 1300 641 1363 Tusc.
666 1300 702 1377 2,
725 1300 759 1382 2,
781 1303 802 1365 5
829 1305 924 1384 atque
952 1305 1114 1366 oratorum
1136 1303 1204 1386 qui-

42 1401 128 1465 dem
159 1400 228 1465 lans
257 1401 304 1465 ita
325 1401 421 1465 ducta
443 1401 484 1464 ab
506 1401 619 1464 humili
642 1403 730 1465 venit
752 1401 793 1465 ad
815 1422 987 1480 summum,
1018 1406 1054 1466 ut
1076 1403 1141 1467 inm
1163 1441 1203 1452 -

47 1505 207 1566 senescat
228 1502 400 1586 -brevique
438 1505 583 1585 tempore
621 1502 660 1564 ad
700 1501 835 1566 nihilum
875 1506 1010 1567 ventura
1048 1504 1203 1588 videntur,

54 1602 264 1687 philosophia
292 1608 446 1670 noscatur
473 1602 599 1668 Latinis
625 1602 751 1687 quidem
778 1603 892 1667 litteris
922 1641 963 1651 —-
986 1626 1118 1689 eamque
1146 1627 1205 1670 nos

54 1703 244 1768 adiuvemus
267 1709 323 1769 ott.
367 1703 447 1768 Hier
468 1709 554 1768 wilre
576 1704 749 1790 sllerdings
771 1706 829 1769 dns
851 1726 914 1769 vnn
938 1704 1073 1789 Bentley
1094 1728 1205 1791 vorge·

53 1803 233 1889 schlngene
254 1809 398 1872 nascitur
419 1805 608 1888 regelrecht‚
637 1805 712 1869 uber
734 1807 784 1870 die
807 1807 992 1872 Attrnction
1013 1806 1068 1871 des
1091 1807 1205 1872 Modus

56 1907 102 1970 ist
123 1907 265 1972 deutlich
288 1930 326 1971 zu
348 1907 522 1973 erkennen.

142 2030 174 2094 g.
205 2008 464 2074 Causalsotze
491 2009 551 2072 mit
578 2011 729 2090 quoniam
757 2009 822 2072 und
851 2010 950 2090 quod:
982 2009 1076 2073 Tusc.
1102 2010 1130 2088 1,
1151 2011 1204 2092 21,

55 2110 98 2173 48
128 2131 146 2173 9
173 2131 236 2193 quo
264 2109 404 2194 intelligi
430 2108 554 2192 potest,
582 2131 677 2193 quarn
700 2110 784 2174 acuti
807 2113 922 2174 natura
944 2110 1023 2192 sint,
1052 2110 1204 2192 quoniam

58 2210 141 2274 haec
163 2211 232 2275 sine
254 2210 403 2275 doctrina
426 2210 576 2274 credituri
598 2204 719 2274 fuerint
741 2212 804 2294 (wo
826 2211 903 2275 aber
925 2211 1009 2274 auch
1031 2209 1087 2274 der
1102 2209 1205 2276 Indic.

57 2312 189 2376 fuerunt
215 2310 406 2377 hndschrftl.
434 2312 500 2399 ist).
547 2315 578 2395 1,
604 2312 656 2390 19,
680 2311 724 2375 44
745 2311 827 2395 quod
856 2311 896 2376 iis
924 2311 1118 2376 aemulemur
1147 2316 1203 2377 ct.

56 2413 133 2478 fam.
157 2414 194 2492 4,
218 2415 252 2491 1,
278 2401 294 2476 1
317 2435 383 2477 non
413 2413 491 2497 quin
518 2413 558 2477 ab
588 2434 625 2476 eo
653 2413 722 2496 ipse
749 2412 950 2491 dissentiam,
979 2412 1035 2476 sed
1061 2413 1147 2498 quod
1169 2434 1206 2478 en

57 2518 89 2578 te
119 2515 280 2599 snpientia
309 2536 377 2579 esse
406 2515 552 2578 indicem.
596 2518 675 2577 orat.
700 2514 734 2597 7,
758 2514 799 2578 23
822 2515 872 2578 vel
895 2517 932 2578 ut
958 2513 1104 2578 hortarer
1126 2513 1205 2578 alios

62 2616 111 2680 vel
134 2616 218 2700 quod
242 2637 382 2680 amarem
404 2637 501 2679 meos.

144 2717 176 2780 h.
203 2716 294 2781 Naeh
322 2717 478 2784 siueund
507 2720 553 2782 si:
588 2717 682 2781 Tusc.
706 2718 742 2799 3,
766 2717 801 2793 6,
827 2717 867 2779 12
893 2739 934 2781 ne
956 2721 1106 2801 aegrotus
1129 2718 1204 2803 sim3

59 2818 108 2886 sin
138 2818 214 2901 quid
242 2818 355 2902 fuerit,
384 2840 495 2883 sensus
523 2818 621 2897 adsit,
650 2817 715 2881 sive
744 2820 868 2882 secetur
894 2817 969 2902 qnid
999 2819 1066 2882 sive
1089 2811 1206 2883 avellu-

62 2923 111 2984 tur
133 2942 152 2983 u
174 2941 317 3004 corpore.
361 2918 427 2984 Der
455 2918 720 2983 anakoluthische
742 2919 1022 3004 Bedingungssntz
1044 2920 1078 2982 in
1102 2921 1131 2997 5,
1156 2922 1205 2998 11,

60 3021 99 3085 33
122 3019 177 3085 sed
206 3021 233 3084 si
262 3021 308 3084 itn
335 3027 424 3104 essct,
454 3024 522 3084 tum
550 3024 586 3085 ut
612 3024 667 3085 ctt.
692 3021 785 3084 sollte
807 3021 987 3106 regelrecht
1008 3041 1043 3083 so
1064 3021 1207 3104 gebildet
1256 3033 1258 3035 ’

62 3122 145 3186 sein:
174 3122 246 3201 sed,
275 3123 302 3187 si
329 3145 438 3187 verum
466 3124 519 3200 sit,
547 3125 615 3187 turn
638 3121 818 3186 necessario
840 3122 909 3186 fieri
932 3121 1002 3185 dico
1024 3123 1061 3184 ut
1082 3120 1143 3184 hoc
1167 3158 1203 3169 -

63 3226 172 3304 ponat.
218 3222 291 3309 Vgl.
314 3224 453 3287 Peters
480 3223 515 3286 in
543 3223 615 3287 dem
642 3223 725 3286 oben
754 3224 938 3306 genennten
962 3221 1074 3304 Progr.
1099 3219 1131 3285 S.
1157 3221 1206 3283 12.

143 3325 165 3387 i.
195 3322 287 3388 Nuch
315 3345 528 3406 quamquam:
561 3323 627 3389 cie.
659 3322 741 3387 Phil.
765 3324 794 3400 6,
821 3325 848 3403 1,
871 3323 902 3386 3.
939 3323 978 3385 de
1000 3342 1045 3385 or.
1068 3320 1099 3403 2,
1123 3325 1151 3403 1,
1178 3325 1204 3385 l.

61 3422 150 3488 Brut.
173 3425 203 3507 2,
226 3426 256 3493 8.
294 3424 455 3489 Hieriiber
476 3450 500 3490 s.
523 3429 554 3506 ξ.
577 3425 650 3490 161.

147 3529 215 3588 Ans
238 3525 322 3591 allen
345 3527 453 3590 diesen
477 3525 615 3604 Stellen,
644 3525 694 3588 die
716 3524 791 3588 sehr
811 3524 986 3588 vereinzelt
1007 3518 1205 3606 erscheinen,

59 3624 146 3690 kann
190 3629 266 3690 aber
309 3626 466 3691 durchaus
514 3627 608 3691 keine
657 3625 847 3710 allgemeine
889 3624 990 3709 Regel
1032 3623 1207 3707 abgeleitet

60 3728 200 3806 werden,
224 3749 285 3791 nur
306 3727 357 3791 die
380 3731 475 3791 unter
496 3727 554 3792 Nr.
579 3728 595 3790 1
620 3726 834 3811 sngefiihrten
861 3725 1062 3808 Fragesitze,
1086 3723 1206 3789 welche

61 3849 122 3893 von
146 3828 262 3893 Siitzen
285 3828 341 3893 der
363 3828 499 3893 irrealen
515 3827 710 3912 Bedingnng
731 3827 915 3911 obhilngen²
938 3825 1009 3889 sind
1033 3828 1112 3888 stets
1135 3824 1207 3889 dem
1302 3899 1310 3906 ⁶

58 3929 272 4015 regierenden
306 3928 399 3994 Satze
432 3929 604 4013 homogen.
654 3928 693 3992 ln
728 3927 790 3993 den
818 3928 955 4012 fibrigen
982 3925 1207 3990 Nebensiitzen

61 4031 172 4095 finden
200 4029 269 4095 sich
296 4029 474 4095 cnhlreiche
502 4028 781 4115 Ahweichungen,
812 4028 870 4090 wie
892 4027 1004 4091 Petere
1026 4026 1058 4092 S.
1085 4027 1209 4092 13-15

60 4132 307 4216 nechgewiesen
328 4132 396 4197 hut.

145 4237 176 4315 ξ.
209 4234 279 4299 112.
320 4233 476 4299 Einzelne
509 4232 837 4315 Abweichungen
871 4250 944 4293 von
977 4230 1044 4295 der
1076 4229 1206 4314 regel-

57 4333 262 4418 mfissigen
299 4334 595 4419 Tempusfolge,
633 4334 683 4398 die
722 4330 806 4395 noch
845 4353 884 4395 zu
917 4331 1089 4396 erwihnen
1124 4332 1206 4416 sind,

56 4435 162 4500 lussen
184 4435 253 4500 sich
275 4434 388 4501 immer
409 4436 466 4500 nul
486 4435 628 4529 logische
651 4431 781 4500 Grilnde
804 4430 1050 4497 zuruckfuhren.

106 4546 248 4595 limaci,
265 4544 640 4597 nistor.syntsxd.1⁸t.spr.1.
666 4548 685 4589 2.
701 4542 761 4587 Aufl.
971 4538 1002 4588 21
