2948 5048
488 370 555 401 .-
599 334 662 398 233
706 371 747 380 -

41 488 198 570 pianicus
213 486 441 570 obsignatores
464 485 503 549 ad
520 506 606 568 eum,
629 485 683 569 qui
705 507 808 570 neque
825 485 978 550 Avillium
999 507 1101 570 neque
1117 485 1199 550 Asu-

41 589 138 653 vium
160 591 306 666 nossent,
330 587 467 653 adducit.

139 691 247 754 Wenn
271 689 402 754 solchen
424 687 545 754 Stellen
567 688 668 754 sebon
689 687 939 754 historiscbe
963 688 1200 754 Praesentia

41 792 199 857 vorans
203 791 348 876 gehen,
364 811 399 855 so
415 791 457 855 ist
472 790 616 854 dreierlei
632 790 787 876 mbglich3
805 792 966 855 entweder
981 791 1023 855 ist
1037 790 1197 870 zwiscben

41 894 122 959 dem
145 892 443 977 Voraufgehenden
476 891 539 955 und
568 893 640 956 dem
668 892 856 976 Folgenden
889 893 960 956 eine
995 914 1088 956 wenn
1117 893 1199 958 auch

43 1017 115 1059 nur
137 997 235 1060 kurze
263 994 389 1058 Panse
416 994 461 1058 im
486 993 626 1078 Vortrag
658 995 732 1078 (wie
755 995 838 1058 oben
865 995 900 1058 in
922 993 1013 1059 Verr.
1035 995 1066 1077 3,
1089 994 1139 1061 59.
1169 997 1199 1076 4,

46 1097 103 1162 64.
127 1122 160 1182 p.
178 1097 306 1163 Cluent.
325 1097 390 1179 13).
427 1094 525 1159 Dann
547 1097 627 1160 wird
642 1096 692 1160 die
709 1096 936 1181 Tempusfolge
957 1095 1050 1160 nicht
1064 1096 1199 1161 alterirt.

51 1197 139 1264 Oder
172 1200 224 1263 die
258 1196 541 1280 roraufgehcnden
563 1197 752 1262 Praesentia
780 1197 954 1263 schliessen
983 1197 1050 1262 sich
1074 1219 1138 1283 eng
1160 1220 1202 1262 an

52 1300 109 1365 das
132 1300 298 1385 Polgende
321 1322 380 1383 an3
402 1300 489 1363 darm
512 1299 598 1363 kann
621 1299 672 1364 die
686 1299 917 1384 Tempuslolge
940 1321 1003 1363 ron
1025 1299 1126 1364 ihnen
1148 1301 1201 1364 be·

55 1401 201 1467 einflusst
223 1402 366 1480 werden,
395 1402 456 1466 wie
478 1400 568 1465 Verr.
592 1402 622 1484 2,
647 1403 684 1466 17
709 1402 816 1466 educit
838 1424 876 1466 ex
898 1423 979 1465 urna
1000 1406 1080 1485 tres3
1103 1402 1143 1466 iis
1165 1407 1202 1467 ut

57 1503 222 1570 absentem
237 1503 421 1568 Heraclium
437 1505 638 1569 condemnent
657 1504 802 1588 imperat.
847 1503 960 1587 Itaque
976 1503 1200 1569 condemnant.

58 1603 81 1686 3,
101 1608 149 1672 60
171 1611 271 1691 auget
297 1610 393 1689 atque
415 1608 527 1669 onerat
547 1608 580 1669 te
601 1604 695 1669 bonis
717 1605 966 1689 condicionibus,
989 1606 1016 1669 si
1038 1606 1087 1670 uti
1109 1606 1202 1689 velis3

54 1706 75 1769 si
97 1731 141 1774 ex
164 1708 333 1792 provincia
354 1707 464 1772 Sicilia
491 1711 560 1771 tota
581 1710 704 1772 statuas
734 1707 882 1772 idoneum
911 1707 1049 1772 iudicem
1078 1708 1201 1773 nullum

47 1826 146 1889 posse
161 1810 306 1894 reperiri,
329 1806 471 1894 postulat
488 1812 554 1873 ate
573 1812 610 1873 nt
624 1808 760 1874 Romam
775 1830 843 1873 rem
859 1809 994 1874 reiicias.
1024 1832 1055 1894 p.
1073 1809 1200 1877 Oluent.

41 1907 84 1979 26
109 1914 227 1996 itaque
249 1912 278 1975 ei
301 1911 514 1994 quadraginta
536 1911 626 1975 milia
646 1911 817 1995 pollicetur
850 1914 882 1974 et
916 1931 987 1974 eum
1021 1913 1057 1974 ut
1080 1913 1201 1975 ceteros

41 2015 206 2100 appeller,
221 2013 408 2097 quibuscum
423 2012 511 2096 loqui
527 2016 720 2092 consuesset,
737 2016 839 2096 rogat.
884 2011 980 2076 Diese
996 2011 1063 2076 drei
1079 2011 1201 2076 Stellen
1255 2088 1256 2091 Ἴ

41 2118 155 2183 mllen
175 2113 295 2199 jedocb
324 2113 422 2199 (nach
445 2113 617 2194 Reuscb)
646 2113 697 2177 die
724 2113 875 2198 einaigen
903 2113 955 2177 bei
977 2113 1091 2179 Cicero
1120 2114 1199 2177 sein.

41 2215 266 2284 {ewbhnlicb
293 2215 378 2300 folgt
411 2215 551 2280 niamlich
583 2214 662 2280 aucb
697 2216 731 2279 in
753 2215 872 2279 diesem
895 2214 983 2279 Falle
1018 2214 1075 2278 der
1102 2215 1202 2280 Con·

53 2319 215 2386 unctiv
237 2319 325 2383 eines
346 2317 583 2382 Praeteriti:
606 2340 637 2401 p.
661 2316 754 2382 Rosc.
778 2318 851 2380 Am.
874 2317 891 2380 7
917 2317 1080 2380 Ameriam
1103 2317 1201 2396 venit,

43 2446 74 2487 n
101 2419 241 2506 praedia
270 2419 363 2484 buius
391 2419 523 2496 invadit,
555 2419 642 2483 hunc
669 2420 831 2502 miserum,
861 2419 917 2503 qui
938 2418 1081 2483 nondum
1104 2419 1201 2483 ctiam

41 2529 189 2607 paterno
211 2521 319 2586 funeri
341 2521 426 2584 iusta
447 2522 602 2599 solvisset,
625 2521 746 2586 nudum
762 2521 849 2585 eiicit
864 2521 966 2585 domo.
1003 2519 1095 2585 Verr.
1111 2520 1142 2603 2,
1161 2521 1201 2588 67

41 2625 141 2690 audit
165 2623 336 2705 Metellus,
371 2625 513 2707 graviter
535 2623 614 2703 fert,
649 2627 759 2688 evocat
792 2623 833 2687 ad
861 2645 895 2688 se
918 2621 1201 2707 Centuripinorum

41 2727 278 2810 magistratus,
312 2725 375 2789 nisi
406 2726 624 2790 rest’tuissent
649 2729 780 2811 statuas,
815 2725 1020 2790 vehementer
1049 2725 1198 2802 minatur.

41 2830 77 2911 5,
101 2829 145 2891 41
170 2827 317 2911 procedit
337 2827 399 2891 iste
421 2831 552 2910 repente
575 2849 592 2891 e
614 2829 793 2911 praetorio,
817 2828 977 2893 inferum
1000 2828 1100 2909 venit,
1124 2850 1200 2891 nau·

41 2929 166 2992 archos
189 2928 228 2991 ad
252 2950 286 2993 se
308 2930 415 2993 vocari
438 2928 542 3011 iubet,
570 2930 624 3013 qui
647 2929 729 2993 nihil
752 2932 933 2994 metuerent
954 2929 1035 2993 nibil
1057 2929 1201 3014 suspica·

41 3034 176 3111 rentur,
199 3030 310 3094 statim
333 3033 516 3095 accurrunt.
561 3054 593 3115 p.
616 3030 700 3095 Tull.
725 3035 753 3112 ἕ.
782 3032 820 3095 18
843 3031 973 3095 adducit
993 3031 1054 3095 iste
1076 3031 1201 3096 interea

49 3133 87 3194 in
108 3131 227 3195 saltum
249 3131 395 3210 homines
418 3133 537 3197 electos
559 3137 592 3198 et
613 3134 652 3197 iis
675 3155 773 3214 arma,
797 3155 879 3217 quae
896 3133 1008 3216 cuique
1023 3132 1146 3196 habilia
1168 3137 1200 3196 et
1310 3153 1317 3163 ’

53 3238 129 3316 apta
152 3236 268 3312 essent,
291 3239 463 3319 comparat.
496 3223 650 3319 ⁴pltab.
673 3234 760 3319 perd.
785 3235 802 3298 7
830 3234 984 3299 adhibent
1011 3254 1121 3298 omnes
1143 3233 1199 3296 tri-

54 3335 157 3399 bunos
189 3337 317 3419 praeter
344 3334 567 3421 Saturninum
601 3336 656 3420 qui
690 3357 789 3420 remp.
817 3335 940 3400 salvam
968 3356 1037 3400 esse
1070 3334 1199 3416 vellent,

57 3459 144 3502 arma
165 3458 279 3520 capere
301 3440 335 3501 et
356 3459 389 3501 se
410 3439 500 3521 sequi
522 3438 643 3502 iubent.

138 3538 468 3623 Temporalsatze
497 3539 542 3602 im
564 3539 785 3621 Indicativ,
818 3537 938 3602 welche
970 3537 1043 3600 dem
1072 3537 1198 3601 histori-

59 3640 152 3704 schen
175 3640 331 3704 Praesens
353 3640 585 3725 voraufgeben,
614 3640 761 3722 kbnnen,
792 3640 838 3721 als
866 3639 908 3703 ob
934 3640 980 3703 sie
1001 3637 1198 3722 Hauptsiitze

59 3746 173 3824 atron,
197 3745 241 3806 im
263 3741 461 3806 Praesens
484 3741 612 3807 steben:
636 3741 729 3807 Verr.
752 3741 784 3820 2,
804 3741 846 3807 25
870 3741 923 3805 ubi
944 3740 1030 3804 videt
1052 3777 1093 3788 -
1115 3760 1199 3804 asse·

60 3849 152 3913 verat.
185 3846 226 3909 51
252 3865 321 3908 cum
346 3843 515 3908 revertitur
538 3882 577 3891 —
601 3843 742 3908 offendit.
771 3866 802 3928 p.
827 3843 964 3908 Caecina
988 3843 1005 3906 7
1028 3844 1197 3926 postquam

59 3945 137 4011 ridet
162 3987 200 3996 —
225 3945 401 4010 denuntiat.

135 4047 208 4113 Nur
231 4048 295 4112 ein
319 4047 382 4111 Mal
405 4046 463 4112 bat
484 4046 595 4113 Cicero
622 4048 657 4113 in
683 4049 787 4112 einem
814 4045 1197 4130 conjunctivischen

57 4146 303 4214 Nebensatze
337 4149 409 4213 eine
443 4148 606 4214 wirkliche
639 4149 1002 4235 Repraesentation
1034 4147 1091 4211 der
1126 4145 1197 4211 Zeit

57 4248 270 4333 beabsichtigt
301 4252 368 4314 und
401 4252 457 4316 das
486 4251 641 4316 Praesens
674 4255 754 4315 statt
787 4251 842 4315 des
865 4250 1008 4316 Perfecta
1041 4249 1197 4333 gewbhlt:

58 4349 142 4418 Verr.
168 4354 200 4430 2,
224 4352 266 4415 29
299 4356 509 4416 numerantur
542 4354 597 4417 illa
625 4354 771 4418 sestertia
802 4350 939 4419 ducenta
965 4351 1200 4435 quinquaginta
1294 4438 1296 4441 Ι

54 4452 272 4537 Syracusanis.
321 4453 373 4518 Da
395 4455 548 4538 quemad
572 4455 699 4519 modum
722 4461 834 4540 postea
854 4457 894 4522 ad
917 4459 1012 4523 istum
1033 4475 1090 4539 per
1104 4475 1196 4539 pseu·
