3082 5064
699 334 929 397 -458-

330 493 359 555 7.
405 489 471 554 Der
498 487 647 572 partitive
671 485 806 552 Genetiv
830 485 934 571 hsngt
965 507 1034 550 vom
1062 486 1262 552 relativen
1291 487 1387 552 Pro·

244 614 386 657 nomen
402 590 468 655 und
484 589 584 654 selbst
605 610 674 653 vom
691 588 793 652 Plur.
817 610 928 653 masc.
945 587 1112 652 desselben
1134 589 1192 670 ab:
1215 588 1282 653 Liv.
1298 589 1328 668 2,
1345 590 1388 656 22

244 694 298 778 qui
321 693 520 777 captivorum
543 690 670 755 remissi·
690 689 730 753 ad
753 711 826 754 suos
848 689 987 753 fuerant.
1031 689 1084 773 21,
1107 689 1149 753 26
1171 712 1280 755 eorum
1304 693 1388 777 ipso·

242 818 313 859 rum
329 816 408 878 qnos
423 793 513 859 sedes
535 814 611 856 snae
627 794 806 857 tenuerant.
850 792 881 876 4,
896 793 938 857 33
954 790 1154 855 Fidenatium
1170 793 1235 876 qui.
1278 794 1330 877 23,
1349 796 1389 860 14

242 897 296 981 qni
319 917 428 960 eorum
450 895 533 979 apud
556 916 589 958 se
612 893 729 957 milites
751 895 875 957 tierent.
920 893 1027 976 24,18
1047 893 1102 976 qui
1125 893 1326 977 captivorum
1349 921 1387 962 ex

243 999 357 1063 itinere
388 998 536 1082 regressi.
590 997 641 1080 38,
668 996 757 1079 11,5
791 994 925 1059 aliorum
960 995 1023 1078 qui.
1073 996 1148 1076 §.9
1181 996 1235 1079 qui
1268 1020 1386 1067 eorum.

131 1159 135 1167 .
243 1104 294 1180 34,
310 1102 398 1179 35,7
421 1121 503 1184 qnae
525 1120 634 1163 earum
658 1099 741 1161 viros
763 1097 853 1180 sequi
875 1097 1059 1161 volnissent.
1102 1098 1133 1181 5,
1149 1099 1190 1162 25
1213 1101 1297 1182 quod
1320 1102 1388 1165 aius

147 1184 149 1189 ’
243 1206 315 1288 (‚‚s0
338 1202 399 1266 via
428 1201 580 1285 savona).
632 1199 786 1263 uaesana
809 1219 858 1282 cp.
881 1198 932 1282 34,
954 1199 984 1263 5.
1019 1199 1070 1281 31,
1092 1201 1122 1281 4,
1144 1201 1174 1262 2.
1207 1200 1260 1283 es,
1283 1203 1334 1284 04,
1356 1206 1387 1267 4.

243 1305 294 1384 39,
311 1306 339 1382 7,
355 1305 385 1369 5.
432 1325 480 1387 cp.
496 1303 548 1382 45,
565 1302 594 1366 7.
627 1302 679 1385 42,
695 1303 725 1383 8,
742 1303 771 1365 7.
817 1299 910 1364 Auch
934 1300 1020 1364 diese
1043 1299 1273 1366 Construction
1296 1304 1387 1387 wird,

246 1407 304 1470 wie
327 1405 433 1470 disin
457 1405 514 1468 Nr.
539 1406 576 1488 6,
601 1425 661 1467 nur
683 1424 741 1467 ans
763 1401 873 1466 Livius
896 1401 1013 1485 belegt.

328 1509 358 1572 8.
409 1506 499 1573 Unus
527 1507 587 1571 mit
609 1507 679 1570 dem
708 1507 789 1588 part.
815 1503 952 1567 Genetiv
975 1504 1069 1588 (statt
1097 1506 1156 1569 mit
1181 1526 1219 1570 aa
1240 1506 1316 1570 oder
1337 1507 1389 1592 de)

243 1609 330 1674 steht
362 1608 460 1673 sehon
496 1608 545 1671 bei
579 1606 782 1670 Klassilrarn:
815 1604 891 1672 Oia.
920 1605 974 1668 lin.
997 1605 1028 1689 4,
1050 1607 1125 1688 3,5
1153 1628 1287 1690 quarum
1315 1630 1388 1672 cum

245 1733 309 1775 una
330 1711 381 1775 sit.
426 1713 456 1791 5,
481 1711 509 1791 7,
532 1710 575 1773 20
596 1729 729 1793 quarum
758 1712 807 1772 est
828 1730 894 1771 una
920 1707 989 1772 sola
1011 1706 1151 1771 defensa.
1202 1729 1268 1791 rep.
1292 1711 1322 1793 2,
1346 1711 1389 1775 43

244 1835 325 1876 nnus
348 1833 457 1877 eornm
484 1812 537 1897 qui
567 1809 777 1897 disputationi
800 1809 932 1874 aderaut
958 1809 1015 1893 (ist
1043 1810 1120 1873 aber
1148 1810 1199 1875 ein
1223 1810 1310 1876 (litat
1332 1811 1388 1876 des

244 1914 470 1999 Augustinus).
515 1937 545 1978 n.
562 1913 590 1976 d.
606 1915 635 1996 3,
652 1915 704 1994 21,
720 1914 763 1978 54
782 1933 865 1976 nnus
888 1933 994 1976 eorum
1017 1911 1099 1976 Jove
1123 1915 1217 1977 natus
1241 1917 1288 1996 (es
1305 1913 1389 1999 folgt

243 2016 358 2081 darauf
377 2017 457 2082 alter
481 2056 517 2064 -
542 2017 677 2097 tertius).

329 2119 434 2184 Caes.
452 2119 481 2183 b.
498 2141 528 2202 g.
547 2119 577 2200 7,
594 2119 636 2182 35
652 2139 669 2182 0
684 2116 817 2201 regione
839 2116 933 2180 unius
956 2139 1064 2180 eornm
1087 2118 1245 2201 pontium.
1277 2119 1390 2184 Oefter

243 2219 342 2285 nicht.
399 2220 494 2286 Danu
528 2220 630 2285 achon
658 2219 804 2303 bdnfiger
837 2218 888 2282 bei
916 2219 1069 2283 Livius:
1100 2222 1190 2302 10,4
1222 2224 1389 2304 pastorum

243 2344 335 2390 unns.
379 2322 430 2406 24,
446 2322 488 2386 28
510 2322 692 2405 principum
714 2341 805 2383 unus.
850 2319 901 2403 26,
923 2320 962 2383 12
984 2322 1124 2385 scortum
1147 2322 1390 2408 transfugarum

243 2424 347 2489 nnius.
391 2446 440 2507 cp.
465 2425 506 2489 33
536 2432 659 2489 eornm
675 2445 756 2486 unus
779 2421 936 2506 pluresve.
982 2423 1033 2501 37,
1056 2424 1098 2487 23
1126 2430 1386 2509 purpuratorum.

244 2527 296 2610 40,
318 2527 339 2590 5
361 2547 505 2609 quorum.
551 2526 603 2607 42,
626 2527 667 2590 23
689 2524 784 2588 trium
808 2522 922 2587 barum
945 2545 1050 2588 rernm
1073 2547 1179 2589 unam.
1231 2525 1293 2590 Mit
1315 2526 1388 2591 dem

245 2628 326 2692 Gen.
359 2626 550 2712 singularis:
584 2629 635 2710 22,
658 2627 700 2690 42
721 2629 753 2690 et
783 2626 895 2690 consul
926 2627 1007 2691 alter
1040 2626 1129 2691 velut
1160 2649 1240 2691 nnus
1274 2629 1389 2694 turbae

244 2727 393 2794 militaris
426 2733 502 2796 erat.
556 2728 619 2793 Mit
646 2727 830 2812 folgendem
864 2730 960 2793 alter:
989 2729 1041 2810 24,
1063 2727 1106 2791 44
1133 2731 1166 2792 et
1193 2730 1389 2794 exarcituum

244 2852 337 2909 nnus,
361 2852 453 2914 quem
481 2867 516 2876 ·—
535 2831 625 2910 alter,
642 2852 742 2914 ¹quem
765 2833 821 2894 ctt.
865 2828 902 2893 In
920 2829 976 2893 der
993 2828 1182 2914 Bedentung
1204 2852 1267 2894 von
1288 2833 1389 2896 solus:

242 2934 294 3015 23,
323 2932 376 3015 30,
402 2933 442 2995 19
469 2932 554 3015 quod
582 2935 654 3016 post
682 2931 883 2996 Cannensem
912 2930 1034 2995 cladem
1062 2953 1143 2995 unus
1172 2931 1389 2996 Romanorum

243 3035 473 3117 imperatorum
496 3034 530 3098 in
552 3033 647 3098 Italia
668 3054 818 3117 prospere
847 3053 913 3096 rem
943 3032 1103 3115 gessisset.
1150 3032 1225 3117 Vgl.
1249 3033 1387 3098 scholi

243 3137 277 3200 in
293 3136 324 3200 d.
341 3135 442 3200 Bltitt.
461 3136 483 3201 f.
502 3134 702 3220 bayerisches
718 3134 946 3219 Gymnasialw.
965 3133 1056 3198 1868.
1087 3133 1119 3198 8.
1135 3134 1207 3199 323.
1252 3135 1331 3219 Pop
1338 3157 1388 3220 po

244 3237 367 3307 Ztsohr,
391 3239 414 3301 f.
438 3238 468 3305 d.
491 3237 719 3322 Gymnasialw.
745 3237 826 3302 1859
848 3236 880 3301 S.
903 3236 975 3302 515.
1219 3255 1243 3269 ··

328 3341 357 3404 9.
403 3339 509 3405 Ueber
524 3340 584 3405 den
602 3339 770 3404 Gebrauch
786 3338 841 3403 des
859 3337 1292 3423 Appositionsverhiiltnisses
1308 3342 1391 3404 statt

244 3443 299 3508 des
322 3442 403 3506 Gon.
427 3446 510 3526 part.
533 3465 559 3506 s.
576 3446 606 3524 8.
622 3443 652 3506 2.
697 3440 743 3505 Fls
765 3441 835 3504 sind
860 3441 938 3504 aber
960 3440 1111 3526 fulgenda
1134 3439 1254 3506 Stellen
1276 3440 1388 3505 hinnu-

245 3543 401 3629 zufiigen:
434 3545 542 3611 Caes.
572 3545 602 3608 b.
631 3565 663 3629 g.
691 3546 717 3625 1,
740 3542 781 3607 52
813 3543 931 3627 reperti
964 3546 1041 3607 sunt
1074 3541 1252 3625 complures
1285 3545 1389 3608 nostri

244 3646 373 3711 milites.
428 3646 460 3727 4,
487 3646 525 3709 12
552 3644 832 3730 compluribusque
865 3644 983 3709 nostris
1011 3644 1151 3708 deiectis.
1198 3646 1227 3728 7,
1249 3646 1289 3709 47
1322 3648 1389 3709 tres

245 3769 319 3812 suos
335 3752 447 3813 nactus
461 3747 684 3832 manipulares.
729 3747 759 3826 5,
779 3747 818 3811 14
832 3748 1000 3812 interiores
1015 3746 1166 3830 plerique.
1212 3747 1242 3811 b.
1259 3768 1284 3811 c.
1304 3749 1331 3826 1,
1350 3748 1390 3811 19

245 3872 316 3914 cum
333 3851 444 3934 paucis
460 3849 672 3913 familiaribus
688 3849 764 3913 suis.
807 3850 850 3913 46
865 3849 966 3914 nostri
981 3885 1022 3897 -
1040 3848 1166 3913 circiter
1182 3849 1390 3933 septuaginta

245 3952 438 4016 ceciderunt.
484 3952 514 4033 2,
536 3953 577 4015 2'l
602 3974 674 4016 cum
696 3951 949 4034 manipularibus
971 3952 1037 4014 suis
1060 3950 1185 4015 duobus
1208 3954 1240 4013 et
1262 3950 1388 4035 viginti.
1439 3952 1442 3957 ’

246 4052 387 4139 (Wegen
401 4056 468 4119 aces
483 4058 568 4117 witra
590 4074 628 4119 ea
649 4075 688 4117 au
711 4054 894 4137 erwarten.)
939 4053 968 4132 3,
985 4053 1026 4117 53
1049 4053 1152 4116 nostri
1168 4072 1233 4115 non
1251 4049 1388 4134 amplius

245 4156 362 4241 viginti
392 4155 541 4219 omnibns
569 4158 644 4219 sunt
671 4154 800 4240 proeliis
828 4154 1008 4218 desiderati.
1032 4192 1070 4201 —
1095 4153 1192 4218 Bell.
1217 4153 1323 4219 Alex.
1347 4154 1390 4218 46

245 4279 321 4320 suae
344 4279 441 4322 naves
464 4257 648 4322 nonnullae.
693 4256 729 4320 B.
754 4256 863 4339 Hisp.
882 4257 921 4320 l3
936 4257 1038 4320 nostri
1061 4256 1183 4339 equites
1206 4255 1310 4339 pauci.
1350 4256 1392 4320 15

245 4360 348 4423 nostri
377 4360 559 4425 ceciderunt
581 4364 653 4425 tres.
698 4359 741 4424 30
762 4358 933 4423 auxiliares
961 4379 1060 4442 prope
1087 4357 1222 4421 alterum
1250 4359 1390 4423 tantum.

244 4462 284 4525 31
309 4461 408 4525 nostri
432 4458 603 4524 desiderati
625 4462 665 4524 ad
688 4460 853 4524 hominum
876 4459 974 4523 mille.
