2926 5070
559 312 786 379 -293-

102 469 199 549 strat,
226 465 254 529 si
277 466 344 530 eius
367 466 412 530 rei
434 467 477 531 sit
497 469 640 551 potestas
661 467 762 546 facta,
790 469 859 532 fore
881 472 917 532 ut
940 507 978 516 —
1002 470 1043 533 ab
1066 470 1257 555 111111611-Ἰ

103 567 241 633 cedatur.

184 669 322 733 Livius
343 669 444 753 praef.
471 674 486 734 l
510 671 538 735 si
559 692 579 735 a
599 671 774 755 primordio
796 670 884 735 urbis
906 693 957 736 res
978 673 1091 757 populi
1113 673 1153 737 R.
1176 696 1246 758 per·

102 770 292 855 scripserim.
330 771 380 849 21,
408 773 456 855 13,
478 772 498 837 8
520 766 606 836 haud
629 761 769 856 despero,
793 794 864 871 cnm
882 775 1030 838 omnium
1053 777 1194 858 potestas
1217 776 1247 840 ei

101 873 186 937 sacta
208 872 260 955 sit,
283 872 403 957 aliquid
426 895 464 937 ex
486 873 537 937 his
558 872 652 937 rebus
675 874 889 939 remissurum.
925 876 978 958 44,
995 877 1037 938 22
1059 876 1137 940 illud
1160 876 1246 940 affir-

101 995 188 1038 mare
221 996 280 1057 pro
314 978 401 1038 certo
435 974 538 1039 habeo
570 976 749 1059 andeoqne,
781 997 832 1039 me
859 976 947 1040 omni
975 998 1035 1060 ope
1061 976 1245 1042 adnisurum

104 1097 187 1157 esse,
211 1098 253 1140 ne
276 1078 396 1140 frustra
418 1098 475 1140 vos
497 1076 581 1141 hanc
603 1098 692 1160 spem
715 1076 753 1140 de
776 1098 827 1141 me
851 1079 1072 1162 conceperitis.

184 1177 251 1241 Der
277 1178 467 1243 Infinitiv
490 1179 545 1243 des
567 1178 638 1243 Fut.
662 1176 704 1242 Π.
727 1179 771 1242 im
794 1178 933 1243 Pessiv
956 1179 1035 1243 wird
1063 1179 1245 1264 regelreclrt

99 1279 257 1364 gebildet,
288 1281 347 1344 wie
369 1278 436 1346 Cic.
459 1280 550 1348 Tusc.
574 1281 605 1364 3,
627 1280 668 1344 28
691 1279 869 1344 absolutam
892 1281 969 1345 fore.
1008 1281 1046 1345 ad
1070 1281 1128 1357 Qu.
1151 1281 1191 1346 fr.
1215 1282 1245 1362 3,

102 1384 116 1445 1
142 1380 319 1464 perfectum
346 1383 426 1445 fore.
470 1379 559 1447 Caes.
589 1380 619 1445 b.
642 1402 673 1465 g.
697 1382 732 1458 4,
755 1381 775 1444 6
802 1381 872 1445 fore
899 1385 1024 1467 parata.
1066 1381 1142 1446 Sall.
1169 1381 1245 1465 Jug.

98 1483 157 1562 28,
180 1484 202 1546 4
223 1485 348 1548 munita
368 1483 446 1549 fore.
490 1483 556 1547 Liv.
579 1482 617 1566 2,
639 1482 681 1547 34
704 1482 841 1547 domitos
863 1484 885 1548 f.
908 1485 945 1563 5,
968 1484 988 1547 2
1009 1483 1126 1547 illitum
1148 1484 1172 1547 f.
1194 1484 1245 1561 23,

102 1586 142 1648 13
169 1583 424 1669 debellatumque
447 1605 519 1648 mox
542 1586 625 1667 fore,
654 1585 682 1647 si
704 1583 807 1648 adniti
830 1584 960 1668 paulum
983 1584 1171 1667 voluissent,
1199 1607 1246 1648 re·

99 1686 226 1749 bantur.
264 1687 315 1768 31,
340 1688 379 1751 13
401 1686 595 1770 publicatam
618 1686 785 1769 pecuniam
807 1671 887 1751 fore.
924 1685 998 1752 Und
1019 1686 1114 1750 litter.
1153 1685 1246 1750 Mehr

97 1785 155 1851 hat
176 1785 285 1851 Neue
307 1785 354 1866 ΙΙ,
379 1786 410 1855 S.
433 1789 497 1852 365
517 1787 563 1872 fg.
601 1785 685 1852 Vom
707 1780 934 1870 Deponens:
970 1786 1036 1852 (lic.
1060 1808 1091 1870 p.
1115 1786 1245 1852 Sulla9

86 1883 151 1952 ‘me
174 1889 251 1953 satis
275 1888 425 1972 adeptum
447 1888 526 1953 fore.

183 1988 251 2055 Der
274 1989 494 2074 Oonjuutiv
517 1989 595 2054 wird
618 1989 678 2053 mit
695 1991 796 2072 sorem
817 1990 968 2075 gebildet,
991 1990 1066 2054 aber
1082 1992 1148 2053 erst
1161 1988 1242 2052 Bell.

100 2091 286 2156 111261
314 2093 397 2157 forte
426 2092 509 2156 bello
536 2092 620 2156 foret
648 2095 825 2176 superatus.
862 2090 939 2157 Sall.
963 2090 1033 2160 (lat.
1057 2093 1112 2173 23,
1135 2091 1155 2154 6
1178 2090 1243 2153 und

97 2194 191 2258 diter.
230 2193 386 2279 Hiiufiger
414 2194 464 2258 bei
493 2192 610 2258 livius.
653 2193 728 2259 Tac.
757 2215 832 2258 anu.
863 2196 894 2275 1,
923 2194 974 2258 33.
1009 2194 1047 2274 3,
1070 2193 1122 2256 49.
1164 2191 1244 2278 (De-

99 2316 202 2381 gegen
231 2295 318 2359 steht
346 2296 402 2359 das
432 2295 482 2359 bei
505 2293 616 2359 Cicero
644 2301 710 2359 und
732 2295 850 2360 Caesar
875 2294 1024 2358 fehlende
1044 2294 1144 2375 forem
1166 2297 1246 2358 statt

99 2419 192 2464 neem
232 2397 276 2462 im
316 2385 448 2480 Plusqn.
490 2396 607 2480 passivi
648 2397 747 2460 sehon
788 2395 893 2460 Plaut.
948 2396 1043 2459 Most.
1077 2396 1141 2459 494
1178 2394 1243 2458 und

100 2500 160 2564 seit
187 2498 308 2565 Sallust
335 2497 456 2561 liberall
485 2497 610 2582 htufig,
641 2497 813 2562 besonders
836 2497 889 2562 bei
911 2496 1028 2560 Livius.
1072 2496 1180 2562 Neue
1201 2495 1244 2581 ΙΙ,

183 2706 213 2784 5.
245 2701 317 2766 142.
361 2700 444 2766 Eine
471 2701 591 2765 seltcne
620 2701 682 2765 Art
710 2699 997 2784 periphrastischer
1025 2698 1243 2783 Oonjugstion

103 2806 142 2867 ist
177 2804 233 2867 das
269 2802 449 2887 Particip
480 2804 546 2866 des
579 2801 778 2866 Praesens
810 2803 870 2866 mit
902 2801 1040 2866 Formen
1074 2822 1138 2864 von
1172 2820 1243 2865 esse.

103 2904 178 2970 (lato
204 2926 229 2972 r,
259 2926 284 2968 r.
314 2905 376 2987 prf.
410 2904 541 2968 minime
571 2902 719 2966 —male
747 2904 928 2987 cogitantes
957 2907 1044 2967 sunt.
1092 2900 1152 2965 Bei
1182 2901 1243 2965 den

105 3005 276 3070 Komilrern
298 3006 347 3069 oft
366 3010 402 3070 ot
422 3008 467 3070 cie
487 3007 603 3070 scion:
626 3004 728 3069 Plaut.
752 3004 848 3068 Poen.
870 3006 902 3082 5,
918 3005 947 3086 2,
964 3005 1015 3068 78.
1053 3002 1125 3068 Ter.
1142 3004 1242 3068 Andr.

106 3109 137 3184 3,
157 3110 191 3185 2,
214 3109 266 3172 28.
298 3104 1243 3186 4,4,36.ι11661111-0116111.2891111111

108 3207 278 3292 despiciens
300 3209 373 3272 fuit.
410 3207 439 3289 3,
459 3206 501 3270 26
523 3207 726 3271 inhaerentes
749 3228 817 3271 esse
840 3206 968 3270 debent.
1006 3205 1133 3292 desen.
1157 3206 1186 3287 8,
1202 3205 1244 3269 26

110 3313 141 3372 11
158 3311 200 3374 sit
220 3328 354 3395 operosa
376 3313 408 3373 et
431 3329 556 3391 semper
578 3330 682 3391 agens·
700 3308 829 3392 aliquid.
866 3329 898 3371 u.
921 3306 951 3370 d.
977 3309 1005 3385 1,
1020 3307 1064 3370 44
1077 3308 1132 3390 qui
1155 3306 1244 3370 nulla
1298 3348 1303 3359 ·

112 3430 140 3473 re
162 3416 290 3496 egentes
321 3412 408 3494 (scoot
435 3410 514 3474 wird
536 3411 570 3474 in
593 3410 722 3495 einigen
744 3408 906 3473 Hndschr.
937 3407 1176 3493 hinzugefligt).
1211 3409 1241 3491 3,

67 3528 73 3545 ·
118 3511 218 3578 12111
240 3512 356 3577 cedens
379 3515 438 3576 est.
462 3503 477 3585 ’,
1188 3558 1190 3563 .

186 3613 263 3679 Bell.
293 3612 384 3697 Hisp.
408 3615 449 3678 29
477 3634 607 3678 currens
636 3615 712 3676 erat.
750 3611 832 3676 Ovid
854 3611 921 3674 her.
946 3611 1001 3689 18,
1024 3611 1066 3675 55
1088 3632 1152 3674 nox
1176 3616 1244 3676 erat

119 3711 265 3799 incipieus.
308 3714 376 3780 niv.
400 3716 435 3797 5,
459 3716 516 3797 34,
539 3715 559 3778 6
582 3713 807 3798 quodquidam
831 3713 1002 3777 continens
1024 3713 1180 3777 memorie
1202 3713 1244 3777 sit

120 3813 162 3894 (·-·
182 3817 369 3902 contineat).
406 3817 656 3906 2114411111
678 3815 718 3879 ad
741 3837 796 3879 vos
819 3814 983 3898 pertinens
1005 3813 1057 3883 sit.
1095 3813 1169 3880 Seu.
1193 3837 1242 3899 cp.

1 3907 2 3911 ¹
121 3912 162 3993 tt,
184 3918 220 3981 16
242 3918 270 3982 si
298 3917 391 3981 beatu
418 3918 483 3982 vite
504 3917 623 3982 nullius
646 3920 694 3980 est
716 3916 876 4000 indigens.
915 3915 997 3981 Gell.
1019 3916 1048 3997 5,
1073 3918 1103 3998 9,
1127 3920 1147 3980 5
1171 3939 1242 3981 cum

122 4022 195 4081 anna
216 4040 289 4083 uon
303 4018 438 4103 loquens
460 4020 582 4083 fuisset.
623 4018 718 4101 Apul.
741 4021 817 4082 met.
834 4019 863 4100 ἵ,
880 4016 920 4081 19
935 4038 1038 4081 moras
1061 4038 1127 4081 non
1149 4019 1243 4080 susti-

4 4120 6 4122 ’
123 4133 183 4182 nens
209 4124 264 4184 est.
294 4120 422 4204 Asclep.
457 4143 507 4204 cp.
537 4122 738 4205 ‘dgeuerans
767 4123 824 4183 est.
853 4117 958 4202 dogm.
1000 4117 1082 4182 Plat.
1105 4119 1125 4182 3
1148 4141 1177 4202 p.
1200 4118 1242 4181 30

124 4225 251 4288 nocuus
286 4226 335 4287 est
363 4221 418 4306 (=
447 4226 594 4305 constat).
643 4221 765 4286 Arnob.
795 4221 831 4301 3,
858 4219 899 4283 38
928 4218 960 4282 id
989 4218 1072 4301 quod
1100 4239 1165 4283 uon
1194 4223 1243 4282 est

126 4320 218 4391 colens.
682 4321 689 4327 ’

188 4423 229 4488 lla
253 4424 381 4490 scheint
408 4424 510 4489 hierio
539 4444 622 4489 zwar
644 4423 696 4488 ein
719 4422 921 4488 Graecismus
943 4421 1164 4505 vorauliegen,
1194 4422 1241 4486 in-
