2932 5056
559 345 594 353 „
643 307 765 372 75.-

79 461 208 540 Aetoli,
237 461 316 544 quia
342 483 407 525 non
436 460 569 524 arbitrio
598 481 705 525 eorum
728 459 916 524 Macedonia
938 482 1061 543 quoquc
1083 461 1232 545 adempte
1288 533 1292 539 ⁴

82 563 155 647 regi
178 566 211 626 et
233 563 311 626 data
332 562 394 627 sibi
416 562 449 625 in
472 563 648 645 praemium
664 559 739 625 belli
755 564 848 624 esset.
866 598 904 609 -
921 560 1036 644 Apul.
1052 566 1127 626 met.
1144 563 1174 643 2,
1195 563 1232 627 18

84 664 272 748 contendit,
307 663 392 747 apud
425 684 495 727 cem
519 667 573 744 (=
596 668 647 744 se)¹
664 663 794 727 cenulae
816 664 1014 727 interessem.
1042 700 1073 711 -
1102 662 1230 747 Spart.

88 764 186 830 Hadr.
202 767 233 831 4.
256 765 434 849 petiturum
456 768 491 857 ut
514 765 540 828 si
564 763 639 848 quid
661 763 759 851 et(=
775 764 851 849 sibi)
874 764 1035 828 evenisset
1054 768 1108 829 ctt.
1125 765 1232 830 Seno
1362 835 1364 842 ,

93 871 125 931 ut
138 890 196 952 pro
220 889 255 931 se
277 866 483 950 loquerentur
505 867 785 951 transigerenmue
808 866 842 930 in
860 867 927 930 eius
942 867 997 949 (=
1013 869 1098 947 suas)
1114 870 1231 950 partes.

94 968 257 1054 Capitol.
292 967 389 1032 Gerd.
417 968 459 1031 30
498 967 584 1050 quod
616 967 783 1032 immernor
815 967 1042 1032 beneficiorum
1074 970 1141 1033 ciras
1171 968 1232 1032 sibi

96 1072 194 1136 minus
222 1073 335 1156 gratus
367 1069 536 1153 existeret
571 1067 656 1133 Max.
684 1073 717 1133 et
739 1068 830 1133 Balb.
857 1069 896 1132 12
925 1068 1034 1133 dicens
1057 1068 1232 1134 Maximum

96 1173 193 1238 minue
216 1194 312 1257 quam
335 1192 404 1236 eum
427 1170 596 1234 laborasse.
637 1171 676 1233 14
698 1174 809 1253 petens
837 1173 924 1236 utet
947 1170 1138 1254 praesidium
1161 1172 1232 1235 mit·

97 1277 180 1339 teret.
227 1273 396 1338 Trebell.
430 1271 505 1356 trig.
540 1275 602 1354 tyr.
630 1271 671 1334 26
704 1272 818 1336 timore
848 1294 890 1336 ne
923 1273 956 1335 in
990 1293 1039 1338 eos
1068 1273 1233 1337 Gallienus

97 1377 236 1441 saeviret.
287 1374 349 1438 Mit
382 1377 490 1459 gutem
525 1372 656 1438 Grande
688 1371 775 1437 steht
806 1376 874 1439 eius
907 1374 957 1438 bei
983 1373 1124 1457 Capitol.
1154 1378 1231 1439 snt.

98 1474 146 1544 Ph.
169 1480 213 1543 25
236 1477 330 1562 petiit
352 1498 393 1540 ne
416 1475 488 1560 quis
511 1478 641 1539 senator
668 1477 812 1557 tempore
842 1475 1042 1559 principatus
1074 1477 1123 1540 sui
1152 1478 1233 1541 occi-

93 1575 225 1659 deretur,
249 1601 291 1642 ne
312 1581 380 1643 eius
400 1576 597 1662 pollueretur
618 1576 786 1660 imperium
809 1576 879 1660 (der
899 1577 996 1642 letztc
1019 1577 1095 1642 Sata
1116 1577 1234 1663 gehbrt

88 1682 178 1748 nicht
200 1679 294 1746 mehr
316 1701 371 1744 zur
393 1682 473 1743 erat.
499 1678 590 1760 obl).
810 1669 821 1675 -
1171 1688 1174 1700 '

171 1788 204 1866 ξ.
221 1784 272 1846 30.
295 1780 543 1867 Reflexivum
563 1781 602 1844 in
627 1781 754 1845 einem
770 1780 1019 1846 Nebensatze
1038 1783 1140 1846 ohne
1162 1782 1233 1846 den

76 1877 226 1951 Modus
249 1883 318 1947 der
339 1883 471 1946 oratio
494 1883 670 1965 obliqua:
693 1881 792 1948 (lato
819 1905 843 1945 r.
868 1904 895 1945 r.
916 1883 955 1947 31
980 1887 1049 1946 tum
1072 1884 1134 1947 erit
1155 1887 1233 1948 tem·

66 1989 230 2064 aestiva,
258 2007 331 2049 eum
358 2006 467 2051 semen
495 2006 587 2048 suum
617 1988 774 2048 maturum
803 1985 873 2049 erit.
911 1985 950 2048 37
975 1984 1049 2047 vitis
1077 1985 1105 2048 si
1128 2006 1235 2048 macra

65 2093 160 2171 eris,
190 2090 355 2152 sarmenta
376 2108 433 2150 sua
456 2085 626 2152 concidito.
666 2087 724 2150 157
748 2107 850 2169 neque
872 2085 956 2149 ullus
979 2086 1106 2149 morbus
1129 2087 1235 2150 veniet

58 2194 145 2258 nisi
173 2212 233 2255 sua
256 2188 359 2272 culpa.
404 2187 509 2252 Plaut.
533 2188 600 2252 mil.
623 2190 654 2271 2,
678 2188 708 2271 2,
730 2188 772 2253 33
795 2192 831 2251 ut
852 2208 924 2251 eum
946 2187 1001 2270 qui
1024 2208 1059 2250 ae
1074 2187 1127 2252 hic
1142 2186 1233 2272 vidit,

61 2293 193 2360 verbis
224 2291 333 2356 vincat
360 2311 400 2354 ne
428 2290 455 2354 is
482 2310 517 2354 se
538 2291 662 2355 viderit.
701 2311 796 2354 merc.
819 2289 850 2371 2,
877 2293 904 2371 1,
929 2290 969 2352 14
990 2288 1071 2353 dicit
1092 2309 1233 2372 capram,

57 2412 183 2479 quam
199 2392 351 2457 dederam
365 2390 557 2455 servandam
572 2391 644 2476 sibi,
666 2413 742 2456 suae
757 2391 865 2458 uxoris
882 2391 989 2455 dotem
1004 2390 1233 2454 ambadedisse.

57 2489 185 2563 Poen.
210 2496 241 2574 5,
268 2497 295 2577 1,
317 2494 359 2557 23
382 2515 454 2558 eum
476 2493 590 2559 fecisse
613 2495 720 2574 aiunt,
749 2493 812 2559 eibi
842 2492 928 2577 quod
956 2493 1138 2557 laciendum
1160 2491 1232 2556 fuit.

61 2594 176 2664 Pers.
200 2597 232 2677 4,
255 2597 285 2678 3,
309 2596 328 2660 3
350 2595 397 2675 ite
418 2617 489 2659 mea
512 2596 630 2661 ancilla
653 2618 733 2680 quae
754 2596 817 2660 fuit
838 2595 950 2678 hodie,
981 2617 1038 2660 sua
1066 2615 1153 2660 nunc
1175 2597 1234 2660 est.

62 2695 169 2766 Rud.
193 2700 235 2762 47
259 2702 296 2762 ut
316 2718 351 2761 se
373 2701 551 2781 aequomst.

174 2800 256 2866 ci'c.
288 2798 378 2863 Verr.
401 2801 437 2882 5,
458 2799 502 2863 49
535 2798 624 2864 Dexo
656 2799 724 2882 hie,
761 2821 855 2884 quem
888 2801 1018 2883 videtis,
1054 2823 1119 2866 non
1152 2824 1235 2886 quae

71 2903 218 2988 publice
245 2901 443 2985 Tyndaride,
481 2922 546 2964 non
580 2922 662 2984 quae
695 2902 847 2985 privatim
878 2903 939 2967 sihi
977 2904 1138 2988 eripuisti,
1177 2903 1232 2968 sed

74 3005 219 3070 unicum
248 3002 346 3066 miser
375 3003 432 3066 abs
458 3006 490 3067 te
518 3003 619 3067 filium
645 3042 682 3051 -
704 3004 843 3088 flagitat.
880 3005 918 3069 de
946 3008 1010 3068 inv.
1039 3007 1064 3087 l,
1087 3007 1129 3069 33
1150 3005 1234 3088 Epa·

78 3104 260 3170 minondas
283 3105 312 3169 ei
334 3105 387 3188 qui
409 3105 471 3169 sibi
494 3127 532 3168 ex
561 3105 633 3188 lege
660 3109 789 3189 praetor
815 3111 1025 3184 successerat,
1060 3108 1234 3171 exercitum

83 3230 159 3272 non
185 3205 327 3270 tradidit.
364 3206 393 3284 2,
416 3206 437 3269 2
459 3207 513 3290 qui
541 3210 615 3271 ante
643 3229 678 3271 sc
703 3206 842 3271 fuerant.
881 3207 919 3270 de
947 3206 1010 3270 div.
1039 3210 1065 3288 1,
1089 3209 1132 3270 54
1153 3229 1234 3291 quae

85 3309 152 3373 sibi
176 3308 378 3372 videbantur.
415 3309 471 3373 fin.
494 3310 525 3386 2,
541 3309 583 3373 30
605 3309 690 3392 quod
712 3309 774 3373 sibi
797 3309 930 3373 videtur.
969 3309 1125 3390 Att..2,l
1147 3311 1231 3392 quod

88 3411 129 3474 de
151 3409 252 3474 fratre
275 3431 331 3474 suo
346 3409 548 3492 respondisti.
577 3411 608 3490 6,
625 3411 666 3475 25
680 3433 762 3495 quae
784 3410 991 3494 magistratus
1014 3411 1063 3473 eui
1077 3410 1234 3474 fecerant.

92 3511 186 3576 Rosa.
211 3513 326 3574 Ama
355 3510 439 3576 hunc
472 3511 534 3575 sibi
567 3534 605 3576 ex
639 3513 746 3576 animo
779 3511 978 3595 scrupulum,
1014 3512 1067 3595 qui
1100 3532 1134 3575 se
1167 3510 1234 3576 dies

93 3616 266 3696 noctesque
299 3613 443 3677 stimulat
475 3635 511 3679 ac
544 3614 679 3698 pungit,
712 3619 748 3677 ut
777 3613 935 3697 evellatis,
968 3613 1110 3697 postulat
1136 3616 1172 3676 ut
1196 3653 1231 3660 —

11 3729 21 3747 ·
94 3715 317 3797 profiteamini.
352 3714 401 3779 ad.
426 3714 484 3790 Qu.
509 3716 547 3779 fr.
565 3717 596 3798 3,
623 3718 649 3797 l,
673 3716 701 3791 7,
724 3716 765 3779 23
789 3719 914 3779 etcum
937 3714 1090 3780 adillum
1113 3715 1234 3779 scribas

95 3815 173 3880 nihil
202 3820 235 3879 te
263 3815 421 3880 recordari
450 3821 489 3880 de
517 3839 551 3881 se
580 3822 642 3899 (wo
670 3816 721 3880 die
750 3815 863 3880 beiden
893 3817 1010 3880 letaten
1036 3815 1145 3880 Worte
1173 3837 1234 3880 von

96 3917 210 3982 Schittz
232 3917 426 4002 gestrichen,
450 3940 511 3981 von
528 3918 637 3982 Baiter
651 3918 717 3981 und
732 3917 855 4002 Kayser
871 3917 952 3983 noch
969 3918 1236 4003 cingellammert

97 4019 227 4083 sind-
252 4019 312 4083 mit
332 4018 501 4101 Unrecht).
547 4021 608 4083 Mit
629 4018 735 4084 Recht
768 4019 914 4083 bemerlit
940 4018 1035 4082 Halm
1070 4042 1107 4083 zu
1136 4018 1232 4085 Rosa.
1285 4022 1288 4023 ⁷

100 4122 168 4184 Am.
184 4122 214 4202 2,
238 4121 310 4184 dass
332 4119 439 4186 solche
455 4120 576 4186 Stelleu
598 4119 667 4185 sich
690 4120 780 4185 mehr
802 4121 834 4184 in
852 4120 914 4183 den
931 4120 1053 4185 litteren
1071 4120 1233 4186 Schriften

98 4219 148 4286 des
169 4215 294 4287 ¹Cicero
329 4222 446 4286 finden.
489 4222 529 4286 In
559 4223 621 4287 den
651 4222 794 4286 Werhen
826 4223 930 4286 seines
963 4223 1081 4287 letzten
1112 4222 1234 4288 Decen-

99 4324 209 4405 niums,
232 4322 336 4386 zumal
358 4325 392 4387 in
414 4323 476 4387 den
499 4323 794 4408 philosophischen,
817 4323 888 4388 sind
911 4325 957 4388 sie
980 4323 1095 4389 hbchst
1118 4324 1230 4389 selten.

177 4423 285 4489 Caes.
309 4425 338 4488 b.
363 4446 389 4489 c.
411 4426 443 4508 3,
465 4426 506 4490 53
536 4448 630 4510 quern
653 4425 787 4505 Caesar,
815 4430 850 4488 ut
877 4429 945 4489 crat
973 4426 1011 4490 de
1041 4449 1073 4491 se
1103 4428 1235 4490 meritus
