3000 5054
696 311 925 376 4584-

243 467 279 530 91
308 465 391 549 apud
415 465 578 529 civitatem
595 464 771 528 -funesti
793 464 909 528 ominis
932 465 1002 529 loco
1024 468 1186 549 receptum
1209 469 1266 529 est.
1311 489 1396 531 ann.

173 600 174 603 ¹
244 573 270 647 1,
287 568 307 632 9
322 566 405 651 apud
429 565 601 650 prudentes
624 565 689 629 rita
711 566 779 629 eius
801 567 887 630 varie
910 555 1122 632 extollebatur
1143 568 1396 651 arguebaturve.
1489 581 1492 587 ’

242 673 272 750 4,
290 670 330 734 72
353 668 437 753 apud
461 669 638 733 Germanos
661 667 823 732 difficilius
847 667 1051 732 tolerabatur.
1089 670 1118 748 6,
1134 670 1176 732 22
1198 670 1283 733 laeta
1305 672 1397 754 apud

244 773 427 836 deteriores.
450 807 490 817 -
514 768 556 835 So
578 769 666 833 kann
690 790 723 833 es
746 770 906 851 kommeu,
930 769 1003 834 dass
1026 772 1115 852 apud
1135 770 1309 836 scheinbar
1332 774 1398 837 das

243 872 454 936 Zeitalter
486 869 687 935 bezeichnet:
724 868 797 934 Ter.
829 871 911 934 Eun.
940 870 978 952 2,
1007 873 1041 950 2,
1074 873 1113 936 15
1146 896 1198 956 ap.
1236 874 1396 943 saeclum.

243 974 308 1042 Cic.
336 974 389 1038 off.
412 974 443 1056 2,
465 975 507 1036 24
540 972 618 1037 haec
652 973 735 1056 apud
768 972 904 1036 maiores
935 977 1062 1037 nostros
1089 973 1246 1038 factitata.
1297 978 1324 1059 1,
1354 980 1390 1040 11

243 1079 411 1160 tantopere
441 1075 523 1157 apud
555 1077 680 1138 nostros
709 1074 831 1139 iustitia
859 1075 946 1138 culta
975 1079 1032 1139 est.
1078 1074 1162 1139 Phil.
1184 1077 1215 1158 5,
1242 1077 1278 1140 17
1304 1078 1396 1160 apud

244 1178 394 1261 antiquos
417 1214 457 1224 -
481 1176 658 1240 recentiore
681 1180 786 1240 autem
809 1177 974 1240 memoria.
1012 1176 1146 1241 Kiihner
1167 1178 1217 1241 bei
1241 1177 1395 1244 Tacitus:

245 1300 321 1343 auu.
344 1281 374 1356 2,
397 1278 439 1342 33
467 1277 561 1341 aliam
588 1277 670 1361 apud
694 1274 876 1360 Fabricios,
904 1277 1000 1342 uliam
1027 1279 1111 1360 apud
1140 1277 1307 1363 Scipiones
1337 1303 1396 1364 pe-

245 1403 382 1445 cumam.

329 1482 358 1545 2.
393 1480 455 1544 Mit
482 1481 553 1545 dem
577 1481 672 1544 llativ
701 1482 756 1545 der
778 1480 899 1545 Persou
929 1482 1107 1546 concurrirt
1134 1485 1222 1566 apud
1248 1483 1299 1547 bei
1328 1486 1396 1549 den

251 1584 367 1649 Verbis
390 1586 496 1667 queri,
517 1586 679 1667 profiteri,
710 1585 834 1666 iurare,
862 1586 1044 1667 sacrificare
1066 1584 1130 1647 und
1154 1586 1307 1668 obticere:
1344 1586 1395 1650 Pl.

249 1687 366 1751 Pseud.
389 1686 453 1750 314
476 1688 554 1769 aput
574 1706 744 1749 novercam
767 1706 908 1768 querere.
953 1675 1029 1749 011.1
1043 1686 1111 1749 Α11.
1136 1686 1167 1768 0,
1191 1687 1228 1750 21
1254 1709 1306 1770 ap.
1332 1710 1397 1753 me.

245 1787 382 1871 71112,
407 1787 477 1866 130,
501 1789 521 1852 3
543 1810 594 1871 ap.
624 1807 716 1851 aures
746 1787 889 1851 deorum.
933 1789 1012 1850 Aur.
1037 1786 1122 1851 Vict.
1147 1790 1204 1851 vir.
1228 1788 1272 1852 ill.
1299 1791 1351 1872 15,
1376 1793 1398 1855 3

246 1913 297 1974 cp.
327 1887 490 1973 populum.
536 1888 615 1954 011.
646 1888 708 1972 leg.
739 1910 806 1972 agr.
832 1888 862 1971 2,
884 1889 926 1951 22
954 1910 1003 1970 up.
1039 1889 1164 1953 eosdem
1196 1890 1398 1956 decemviros

247 2033 283 2041 -
315 1991 511 2075 profiteatur.
556 1990 654 2053 Arch.
677 1990 699 2052 4
726 1989 753 2053 si
781 1990 951 2074 sexaginta
984 1991 1095 2054 diebus
1128 2013 1180 2074 ap.
1212 1996 1395 2074 praetorem

245 2098 353 2158 esseut
380 2092 526 2176 professi.
571 2092 661 2156 Ourt.
686 2092 714 2174 7,
739 2093 767 2170 7,
790 2093 832 2154 24
861 2113 917 2156 cur
945 2115 995 2176 ap.
1023 2092 1121 2156 alium
1145 2115 1239 2175 quam
1263 2116 1315 2177 ap.
1343 2117 1397 2160 me

244 2196 407 2280 professus
441 2216 482 2261 es.
526 2193 592 2256 Fur
623 2195 735 2258 iurare
768 2193 844 2256 wird
879 2215 940 2257 nur
971 2194 1073 2258 citirt:
1109 2194 1175 2259 Liv.
1199 2194 1250 2274 28,
1272 2195 1326 2277 29,
1357 2199 1397 2260 12

246 2320 294 2380 ap.
317 2296 465 2360 tribunos
489 2294 633 2358 r'nilituru.
679 2294 753 2362 Tac.
776 2295 809 2359 h.
831 2296 861 2378 2,
885 2296 926 2360 79
948 2318 997 2378 ap.
1022 2296 1143 2379 ipsum3
1173 2297 1252 2360 eben
1281 2318 1317 2359 so
1342 2299 1397 2362 fiir

247 2400 431 2482 sacrificare
456 2417 532 2460 nur:
566 2417 641 2459 ann.
669 2397 717 2479 11,
740 2397 780 2459 27
810 2420 860 2480 ap.
892 2397 984 2480 deos3
1016 2395 1311 2480 1111111911111111
1336 2422 1396 2464 aus

151 2564 156 2578 ‚
248 2499 309 2563 deu
332 2498 507 2583 Digesteu:
531 2498 557 2560 si
581 2497 675 2561 fidem
699 2520 788 2562 suam
813 2537 846 2545 —
875 2521 927 2581 up.
953 2498 1053 2562 virum
1077 2499 1277 2584 obligaverit.

330 2602 361 2664 3.
395 2599 495 2682 Apud
515 2600 659 2665 animum
681 2599 768 2663 steht
790 2600 943 2664 auweileu
966 2604 1047 2664 statt
1070 2603 1158 2683 1111111
1178 2623 1238 2678 mc,
1267 2606 1295 2666 tc
1329 2604 1396 2667 und

248 2702 390 2766 anderen
405 2700 782 2784 Personalpronominen‚
802 2701 920 2784 jedoclr
944 2707 1009 2765 crst
1031 2703 1091 2766 seit
1114 2703 1169 2766 der
1192 2702 1396 2768 klassischen

248 2803 336 2867 Zeit:
369 2800 529 2886 Sulpicius
557 2825 608 2886 ap.
631 2802 698 2867 011.
733 2825 782 2886 ep.
804 2803 880 2884 4,5
913 2825 951 2867 ea
985 2804 1043 2869 tibi
1068 2805 1213 2887 -apud
1247 2806 1394 2870 animum

247 2926 400 2989 propone.
448 2904 513 2973 Liv.
541 2905 571 2986 6,
599 2903 641 2967 39
674 2904 734 2987 ipsi
768 2904 907 2987 primum
941 2908 1119 2969 statuerent
1152 2928 1202 2990 ap.
1236 2907 1394 2991 1111111111,

248 3005 325 3090 quid
348 3006 478 3070 vellent.
515 3006 566 3088 30,
583 3006 624 3071 28
646 3027 706 3070 uec
728 3007 806 3069 satis
830 3012 950 3071 certum
974 3010 1120 3073 constare
1142 3008 1225 3091 apud
1249 3009 1395 3073 animum

248 3111 376 3194 poterat
399 3110 494 3191 (statt
522 3108 609 3173 eines
638 3107 886 3171 unbestinrmteu
910 3108 1124 3172 Pronomens:
1152 3131 1239 3174 man
1268 3111 1395 3175 konnte

246 3209 338 3274 nicht
366 3209 598 3292 eutscheideu).
643 3210 695 3292 34,
717 3209 738 3272 2
767 3209 819 3273 vix
845 3213 985 3274 statuere
1014 3213 1097 3294 apud
1121 3211 1263 3275 animum
1287 3234 1394 3276 meum

246 3333 391 3394 possum,
425 3315 531 3375 utrum
560 3348 600 3358 -
629 3332 680 3374 au.
732 3310 793 3374 Mit
824 3312 1008 3376 unsicherer
1040 3311 1167 3376 Lesart:
1200 3313 1259 3395 42,
1290 3315 1395 3396 50,8

249 3415 388 3477 statuere
419 3414 502 3495 apud
532 3413 674 3476 animum
702 3434 793 3476 suum
822 3412 939 3477 Persea
970 3397 1092 3478 debere.
1139 3413 1234 3497 Apul.
1259 3419 1336 3479 met.
1360 3418 1394 3498 4,

245 3513 282 3576 21
309 3514 393 3596 apud
417 3517 542 3577 nostros
565 3513 689 3578 animos
709 3552 741 3561 -
761 3515 996 3598 reputabamus.
1035 3514 1159 3578 Weiter
1173 3515 1316 3599 gebeard:
1344 3519 1394 3596 11,

249 3615 291 3678 20
313 3615 396 3699 apud
419 3617 619 3698 copitutiuncs
640 3637 726 3679 meas
754 3616 964 3681 revolvebam.
1012 3620 1061 3698 11,
1085 3619 1125 3680 27
1154 3617 1237 3700 apud
1265 3639 1397 3683 sensam

247 3717 385 3800 disputo.
1280 3743 1283 3749 ’

332 3817 490 3882 Aebnlielr
514 3818 571 3883 ist:
595 3819 669 3886 Sall.
691 3818 767 3902 Jug.
794 3821 863 3902 110,
886 3821 906 3885 3
929 3841 991 3903 qua
1014 3822 1097 3904 apud
1121 3821 1260 3884 animum
1284 3843 1395 3886 meum

248 3919 329 3983 nihil
353 3919 456 3983 carius
479 3919 593 3984 babae.

330 4022 359 4088 4.
381 4022 481 4104 Apud
502 4022 689 4086 bezeiclruet
711 4023 762 4086 die
784 4022 879 4087 Naue
903 4024 953 4087 bei
976 4025 1064 4088 einer
1085 4023 1222 4092 Sache.

331 4124 399 4186 Aus
422 4122 579 4187 Naevius:
613 4124 698 4207 apud
727 4146 880 4189 mensam.
926 4125 1007 4189 Cato
1030 4148 1053 4192 r.
1075 4146 1101 4194 r.
1124 4126 1165 4188 46
1195 4147 1243 4208 ap.
1274 4126 1397 4192 taleam

249 4224 364 4304 (nebeu
395 4224 466 4288 dem
490 4223 652 4310 Setnreis).
698 4225 889 4310 Ptemph.
918 4230 944 4307 1,
972 4230 998 4309 1,
1026 4228 1084 4291 199
1111 4226 1185 4310 quid
1213 4247 1264 4308 ap.
1296 4224 1399 4295 hasce

247 4324 333 4389 aedis
362 4326 475 4409 negoti
504 4329 553 4389 est
579 4327 663 4390 tibi?
708 4325 780 4390 Ter.
805 4328 904 4396 Andr.
933 4333 958 4409 l,
982 4330 1011 4404 3,
1037 4327 1074 4391 17
1104 4349 1217 4391 navem
1241 4327 1270 4391 is
1293 4329 1401 4416 fregit

250 4447 300 4509 ap.
328 4427 468 4490 Andrum
494 4427 640 4496 insulam.
677 4427 752 4495 Cic.
776 4450 808 4492 n.
832 4429 861 4491 d.
884 4429 915 4513 2,
939 4431 960 4491 2
982 4451 1032 4512 ap.
1058 4427 1228 4512 Regillum.
1268 4430 1348 4500 fam.
1364 4437 1400 4521 5,
