2948 5048
510 315 820 379 -267-·

127 469 268 532 Livius
293 471 322 552 1,
345 469 365 532 3
392 472 519 532 tantum
541 488 617 552 opes
640 471 806 532 creverant
826 471 862 531 ut
887 502 923 514 -—
953 488 1080 531 morere
1103 488 1192 530 arma

44 571 122 634 nulli
146 570 279 634 accolae
301 570 370 633 ausi
392 570 467 638 sint.
510 570 592 652 1,16
614 572 787 652 tempestas
810 572 938 632 —tam
960 570 1059 632 denso
1082 590 1190 654 regem

45 673 171 755 operuit
202 671 328 754 nimbo,
357 675 393 734 ut
415 675 621 754 conspectum
649 671 717 734 eius
740 671 882 734 contioni
905 670 1081 737 abstulerit.
1119 672 1149 753 2,
1172 671 1191 734 6

45 772 188 857 adeoque
216 772 343 836 infestis
373 774 489 837 animis
512 774 741 837 concurrerunt
766 810 801 818 —
827 775 863 836 ut
883 809 926 820 -
949 770 1131 836 moribundi
1153 793 1191 835 ex

44 877 133 959 aquis
162 875 247 958 lapsi
269 874 345 938 sint
388 873 437 938 1111
460 874 590 939 Ganzen
619 873 677 937 hat
699 872 807 937 Livius
830 872 1032 955 essiones,
1060 894 1125 936 was
1147 872 1190 935 im

40 973 253 1040 Verhfiltniss
280 997 319 1038 zu
348 974 418 1039 dem
447 997 581 1061 grossen
605 975 767 1058 Umfange
800 975 905 1038 seiner
934 973 1098 1039 Schriften
1126 974 1191 1036 und

34 1098 72 1142 zu
98 1077 180 1142 dem
202 1075 489 1161 Sprachgebra'uch
519 1077 574 1141 des
597 1076 718 1141 Sueton
741 1075 804 1138 und
828 1074 936 1159 Nepos
964 1077 1058 1140 keine
1080 1096 1191 1160 grosse

26 1177 124 1244 Zahl
148 1181 204 1243 ist.
249 1179 342 1243 Auch
372 1179 547 1244 vertheilen
570 1178 639 1242 sich
661 1177 712 1239 die
735 1175 856 1241 Stellen
879 1176 930 1240 bei
949 1176 1016 1241 ihm
1039 1176 1112 1240 sehr
1133 1198 1187 1240 un·

26 1279 169 1365 gleich,
200 1280 234 1363 je
266 1280 338 1344 eine
371 1281 406 1343 in
438 1280 469 1361 8,
497 1302 547 1364 cp.
576 1279 627 1344 36.
656 1281 707 1343 37.
735 1279 787 1343 38.
817 1278 874 1360 39,
903 1299 963 1362 gar
990 1278 1084 1343 keine
1114 1278 1191 1342 in6

26 1381 198 1447 Buchern
233 1403 289 1444 aus
318 1381 380 1445 den
416 1381 533 1445 letzten
560 1379 728 1444 Dekadcn:
764 1379 815 1462 29,
838 1380 889 1463 30,
912 1381 963 1463 36,
985 1381 1038 1463 39,
1061 1380 1115 1461 42,
1138 1380 1190 1444 45.

26 1485 135 1548 Aber
160 1483 205 1546 im
221 1481 394 1567 Vergleich
417 1483 477 1547 mit
492 1484 603 1546 seinen
618 1481 831 1566 Vorg'dngern
855 1480 913 1545 hat
934 1504 968 1546 er
990 1481 1093 1546 dieser
1108 1480 1188 1546 Con·

26 1585 205 1650 struction
233 1583 314 1648 doch
336 1584 427 1648 mehr
449 1583 552 1648 Raurn
582 1586 737 1667 gestattet
757 1585 823 1648 und
851 1585 951 1650 bildet
977 1584 1058 1647 auch
1087 1583 1189 1646 hierin

26 1689 109 1751 den
132 1685 329 1770 Uebergang
350 1707 420 1750 zum
444 1686 606 1750 silbernen
627 1684 750 1750 Latein.

130 1786 314 1870 Vellejus
340 1790 368 1870 1,
391 1789 422 1871 9,
444 1788 465 1851 2
487 1786 565 1851 adeo
586 1787 675 1850 varia
696 1787 828 1852 fortuna
850 1787 1045 1867 conflixerat,
1068 1789 1104 1848 ut
1125 1785 1189 1869 plc-

26 1910 181 1972 rumquc
203 1889 347 1972 superior
368 1873 466 1952 fueiit
487 1909 699 1973 magnamque
721 1893 845 1973 partem
861 1888 1014 1953 Graeciae
1037 1888 1070 1951 in
1094 1887 1192 1950 socie·

26 1996 146 2056 tatem
170 2011 260 2053 suam
280 1990 477 2073 perduceret.
501 1992 568 2072 §.6
592 1989 681 2082 cuius
703 1994 828 2054 tantum
851 1991 973 2074 priores
996 1987 1131 2052 excessit
1153 2025 1189 2034 -

31 2097 83 2157 nt
104 2091 251 2155 omnium
280 2095 521 2157 anteactorum
544 2092 815 2175 comparationem
839 2089 1048 2175 amplitudine
1070 2088 1192 2152 vicarit.

45 2198 77 2276 1,
104 2194 155 2275 13,
179 2192 200 2256 3
222 2191 380 2257 habuerit.
425 2194 530 2277 2,25,
553 2192 701 2256 21111111.
738 2195 768 2274 2,
792 2194 844 2274 30,
867 2192 887 2256 6
910 2190 1124 2274 opposuerint.
1161 2190 1193 2272 2,

49 2295 137 2372 90s3
159 2295 323 2377 potuerit·
347 2294 396 2358 Im
412 2294 613 2379 Hauptsatze
635 2293 722 2358 steht
736 2296 849 2357 immer
864 2295 940 2360 adeo
962 2291 1039 2355 oder
1059 2296 1191 2357 tantam.
1274 2284 1276 2287 ’

132 2393 322 2460 Valerius
345 2395 533 2460 Maximus
562 2397 592 2479 2,
614 2396 645 2478 2,
669 2397 690 2459 4
718 2397 772 2479 qui
794 2416 862 2459 mos
884 2393 963 2458 adeo
984 2392 1193 2477 pertinaciter

52 2502 193 2563 retentus
223 2500 288 2580 est,
320 2501 357 2560 ut
385 2496 423 2572 Q.
447 2496 565 2562 Fabius
588 2497 746 2562 Maximus
775 2535 814 2543 -
843 2518 863 2559 a
889 2496 955 2559 filio
983 2494 1114 2559 consule
1140 2495 1186 2557 in·

52 2600 168 2664 vitatus
196 2604 233 2664 ut
254 2600 339 2662 inter
361 2620 395 2662 se
417 2602 449 2662 et
470 2600 613 2664 lictorem
637 2599 832 2682 procederet,
858 2636 893 2644 —
918 2596 950 2661 id
972 2597 1078 2660 facere
1100 2595 1190 2659 nolu-

52 2702 118 2764 erit.
153 2702 184 2782 2,
207 2702 238 2782 2,
261 2701 280 2765 8
302 2700 497 2785 persolutum
522 2701 573 2765 ait.
611 2701 642 2783 3,
664 2701 684 2764 3
707 2703 771 2763 ext.
799 2698 1027 2783 ‘laperaverit
1065 2698 1097 2778 4,
1120 2697 1194 2775 2,5

54 2803 253 2867 dubitaverit.
286 2804 316 2885 4,
339 2804 370 2881 4,
396 2802 435 2865 10
457 2803 524 2865 visa
545 2803 588 2866 sit
609 2840 651 2849 —
673 2801 841 2864 invenerit.
872 2801 903 2883 4,
928 2802 946 2865 7
970 2803 1033 2864 ext.
1063 2802 1076 2862 1
1102 2799 1192 2862 dubi·

53 2905 136 2968 tarit.
187 2906 217 2981 5,
240 2904 262 2966 4
284 2907 346 2969 ext.
369 2905 387 2966 7
411 2903 559 2986 rapuerit.
610 2903 639 2981 6,
664 2904 692 2985 7,
718 2905 733 2966 1
758 2902 1014 2967 dissimulaverit.
1067 2903 1095 2980 7,
1118 2902 1150 2984 5,
1177 2904 1188 2963 1

53 3005 171 3068 abierit
213 3004 243 3087 8,
270 3006 281 3066 1
309 3004 406 3068 absol.
439 3005 477 3068 10
498 3005 649 3088 potuerit.
687 3006 717 3082 8,
741 3006 759 3068 7
783 3008 846 3067 ext.
870 3007 891 3067 4
912 3003 1062 3088 potuerit.
1100 3004 1129 3085 8,
1156 3002 1194 3065 12

53 3109 111 3170 ert.
133 3106 154 3168 2
175 3106 334 3169 tribuerit.
384 3106 414 3182 8,
440 3106 478 3169 13
500 3109 564 3169 ext.
591 3108 606 3168 1
630 3107 801 3188 generarit.
853 3106 883 3183 8,
909 3106 1032 3168 151111.
1056 3104 1194 3167 21111111

52 3206 103 3269 sic
142 3207 171 3289 9,
198 3206 245 3284 14,
268 3206 289 3269 2
312 3206 454 3269 valuerit.
500 3206 562 3269 Mit
584 3194 871 3290 periphrastischer
894 3205 1003 3268 Form:
1032 3205 1062 3281 5,
1086 3204 1107 3267 3
1129 3207 1190 3267 ext.

53 3307 71 3370 3
93 3306 233 3371 babituri
255 3307 386 3371 fuerint.

134 3409 194 3472 Die
209 3408 298 3473 Reda
320 3407 376 3472 dea
395 3407 524 3471 Kaisers
547 3408 738 3474 Claudius
760 3408 817 3478 auf
836 3409 897 3471 den
915 3408 1040 3492 Lyoner
1055 3405 1193 3469 Broncc·

52 3509 152 3574 tafeln
175 3510 240 3590 Col.
267 3513 295 3591 1,
319 3509 353 3573 Ζ.
377 3510 397 3573 9
430 3531 639 3594 supervenere
667 3510 765 3574 alieni
788 3513 820 3573 et
842 3508 971 3592 quidam
993 3508 1132 3587 externi,
1156 3510 1193 3570 ut

51 3609 156 3675 Numa
176 3610 315 3676 Romulo
338 3612 527 3675 successerit
547 3633 586 3676 ex
609 3611 738 3675 Sabinis
760 3611 902 3675 veniens.

134 3712 304 3778 Curtius
332 3713 404 3790 hat,
439 3714 497 3776 wia
520 3711 678 3796 Vellejus,
710 3713 754 3775 im
782 3711 979 3796 Hauptsatze
1006 3713 1086 3773 stets
1116 3711 1194 3775 odeo

51 3814 127 3878 oder
149 3818 272 3880 tantus:
295 3815 324 3896 3,
347 3814 377 3896 6,
404 3815 442 3877 14
463 3818 556 3878 tanta
580 3814 625 3876 vis
648 3813 866 3878 medicaminis
888 3813 951 3876 fuit
973 3815 1016 3889 ut,
1040 3832 1121 3895 quae
1144 3834 1194 3876 se-

52 3919 126 3979 cuta
148 3919 239 3997 sunt,
262 3915 520 3979 criminationem
543 3915 765 3980 Parmenionis
787 3914 977 3978 adiuverint.
1026 3915 1057 3994 3,
1082 3913 1130 3993 12,
1153 3914 1195 3976 22

51 4018 222 4101 coniugem
250 4016 394 4081 eiusdem
421 4016 499 4080 adeo
527 4010 594 4101 ipse
622 4037 689 4079 non
712 4015 842 4079 violavit
869 4020 905 4078 111
926 4035 1082 4078 summam
1105 4011 1193 4078 adbi-

50 4119 158 4184 buerit
181 4139 289 4182 curam
312 4139 353 4182 ne
377 4121 432 4182 ott.
476 4119 506 4201 4,
531 4119 580 4199 15,
606 4120 642 4180 11
666 4117 773 4181 fuerit.
818 4118 848 4193 7,
870 4117 901 4199 8,
925 4118 941 4179 1
967 4117 1097 4180 effectae
1119 4115 1196 4179 sint.
1307 4173 1309 4176 .

47 4221 77 4300 9,
100 4221 132 4303 3,
156 4220 177 4282 2
200 4221 349 4300 potuerit.
397 4221 444 4297 10,
467 4220 533 4298 3,4
556 4218 634 4282 adeo
657 4240 722 4283 non
744 4222 820 4282 sunt
842 4219 970 4282 accensi
996 4257 1028 4265 -
1056 4222 1091 4282 ut
1112 4217 1195 4281 nihil

45 4321 217 4388 omiserint
238 4322 319 4404 quod
343 4326 399 4385 111.

132 4422 352 4487 Petronius
382 4423 421 4486 12
450 4422 540 4486 canis
568 4422 748 4486 catenarius
775 4427 867 4487 tanto
894 4444 953 4487 nos
981 4421 1121 4485 tumultu
1143 4443 1194 4485 ex-
