2948 5048
587 79 733 145 -249
777 119 816 127 —

208 233 274 301 b.'
263 255 310 296 ιιιι
333 232 474 297 Perfeet:
498 233 590 301 Verr
613 233 645 315 2,
664 233 702 298 18
724 254 834 319 verum
857 256 895 297 ex
917 233 979 298 ista
1002 233 1165 318 reperietis
1187 232 1276 298 here·
1350 288 1354 292 ,

71 316 294 399 Ῑὶἰιιιι
248 357 278 399 rs
280 338 350 398 tum
371 334 417 398 ita
437 334 639 419 praedatum,
658 339 693 399 ιιι
713 355 873 419 perpauca
894 335 1017 400 occulte
1037 337 1152 416 feeerit.
1186 337 1276 419 3,56
1318 372 1322 378 -

71 432 236 500 scitote
259 439 387 500 tantam
409 436 615 500 acerbitatem
630 436 754 501 istius
744 458 778 499 ιιι
797 439 940 500 aratores
955 435 1064 513 fuisse,
1080 441 1115 500 ιιι
1101 384 1274 501 thomines

71 541 261 602 mortem
286 538 431 621 sibiipsi
453 538 678 603 consciverint.
717 537 932 621 ep.51,120.
963 537 1104 620 68,160.
1141 560 1172 622 p.
1196 526 1288 602 Cae?

71 632 194 703 [tina
211 640 255 702 21
282 640 310 702 si
332 640 532 722 reperiantur
554 639 600 703 ita
620 639 726 723 parati
747 639 858 720 fuisse,
882 642 918 703 ut
941 639 1004 703 vim
1026 639 1110 703 vitae
1133 641 1188 703 aut
1210 659 1274 703 eor·

71 741 188 816 pori
210 742 381 824 potuerint
401 740 522 804 aliene.
560 740 602 805 32
624 740 687 804 nisi
709 740 802 805 docet
823 741 869 805 ita
890 762 924 805 se
946 741 1133 824 possedisse,
1158 743 1194 804 ut
1212 762 1276 804 nee

71 840 139 905 vi
167 863 241 906 nee
265 840 347 906 clam
369 863 429 906 nee
450 842 594 925 preeario
616 840 801 925 possederit.
838 864 870 925 p.
887 840 976 907 Sulla
990 842 1032 905 22
1046 845 1174 906 tantum
1190 842 1276 907 dieo:

71 941 223 1009 halem
253 943 340 1007 hune
368 944 402 1007 in
430 944 493 1007 ista
520 943 758 1027 rogatione-
785 943 900 1027 fuisse,
930 947 967 1007 ut
996 943 1178 1008 consultum
1208 966 1277 1009 esse

71 1047 261 1111 voluerit
286 1045 391 1128 fratri,
419 1066 491 1109 eum
516 1066 582 1128 rep.
611 1065 757 1129 pugnare
782 1046 926 1111 noluerit.
971 1044 1022 1109 ad.
1053 1043 1112 1120 Qu.
1135 1044 1175 1108 fr.
1202 1047 1233 1128 1,
1256 1045 1277 1108 2

71 1148 139 1227 ἓ.
169 1148 208 1211 8.
250 1147 285 1210 in
310 1145 470 1224 vatins,
495 1146 543 1214 14.
576 1145 667 1210 Tuse.
694 1146 797 1229 1,42,
822 1148 892 1211 100.
926 1145 985 1212 Ph.
1012 1148 1061 1230 14,
1086 1147 1135 1229 14,
1157 1147 1208 1211 36.
1243 1169 1275 1230 p.

71 1246 243 1314 Plane.
272 1247 316 1312 20
342 1268 407 1311 una
438 1247 582 1312 centuria
610 1249 836 1332 praerogativa
864 1251 988 1313 tantam
1016 1246 1115 1312 habet
1142 1249 1278 1313 auetori-

72 1354 239 1432 tatem,
266 1352 301 1413 ut
315 1370 408 1414 nemo
431 1371 572 1433 unquam
594 1370 664 1413 eam
685 1348 804 1431 tulerit,
828 1351 906 1432 quin
927 1350 1131 1414 renuntiatus
1146 1350 1189 1414 ιιι
1204 1371 1288 1413 eon-¹

76 1453 178 1517 sul.
224 1449 319 1520 Verr
341 1451 554 1534 5,100uius
583 1450 636 1514 hie
664 1451 744 1515 situs
766 1456 862 1535 atque
883 1438 963 1516 haee
985 1455 1100 1515 natura
1123 1473 1192 1515 esse
1214 1451 1277 1515 loci

78 1553 273 1636 caelique
295 1500 420 1629 dieituu
442 1555 479 1616 ut
500 1552 607 1616 nullus
629 1574 769 1636 unquam
791 1554 858 1617 dies
879 1556 947 1617 tam
969 1574 1088 1637 magna
1111 1552 1278 1617 turbulen-

83 1661 223 1739 taque
251 1657 443 1740 tempestate
467 1653 564 1717 fuerit
570 1656 686 1736 ,quin
709 1654 815 1745 aliquo
837 1657 980 1738 tempore
1003 1654 1070 1718 eius
1093 1654 1157 1717 diei
1178 1653 1278 1717 solem

89 1756 277 1821 homines
299 1755 438 1820 viderint
459 1755 584 1842 (Halm,
608 1755 722 1857 Orelli:
745 1754 917 1840 viderent.)
956 1754 995 1819 de
1017 1758 1098 1819 orat.
1074 1756 1153 1833 ι1,
1175 1755 1207 1837 3,
1233 1755 1273 1819 10

100 1858 274 1944 quin—
298 1857 583 1941 comprehenderit.

213 1980 241 2025 e.
274 1958 318 2021 im
347 1958 560 2042 Imperfeet
546 1958 664 2023 tund
692 1956 868 2023 Perfeet·
901 1980 934 2041 p
963 1955 1051 2022 Sulla
1079 1958 1116 2020 11
1145 1977 1278 2039 ecquem

110 2067 162 2125 tu
194 2059 312 2124 horum
340 2060 394 2143 qui
422 2059 604 2124 adsunt-
636 2062 691 2123 aut
718 2064 784 2124 tam
813 2058 1003 2123 sceleratum
1031 2058 1144 2122 statuis
1171 2058 1278 2140 fuisse,

115 2166 164 2225 ιιι
192 2161 272 2225 haee
301 2162 409 2225 omnia
436 2161 540 2245 perire
567 2162 711 2245 voluerit,
747 2164 803 2225 aut
788 2164 896 2225 ttam
925 2161 1093 2242 miserum,
1121 2162 1157 2224 ιιι
1185 2161 1279 2223 etse

123 2264 236 2347 perire
262 2267 386 2344 cuperet
413 2266 445 2327 et
472 2263 554 2326 nihil
582 2211 724 2347 haberet,
751 2261 836 2346 quod
859 2261 984 2326 salvum
1006 2283 1075 2326 esse
1097 2261 1194 2325 vellet
1199 2259 1216 2324 ‘l
1238 2297 1280 2309 ·-

132 2365 215 2428 Dass
248 2363 374 2428 soleher
401 2363 679 2449 Tempusweehsel
708 2363 790 2428 auch
818 2364 870 2428 bei
898 2362 1061 2428 einfaeher
1088 2363 1280 2447 Abhfingig·

131 2466 199 2530 lreit
221 2464 419 2547 vorkommt,
442 2466 520 2529 wird
543 2466 578 2529 in
600 2469 630 2547 ξ.
656 2465 717 2530 132
739 2464 947 2550 besproehen.

216 2567 246 2631 d.
270 2566 336 2631 Der
359 2567 553 2651 Gonjunetiv
575 2567 630 2632 des
652 2567 846 2631 Praesens
868 2567 965 2650 steht,
987 2588 1083 2631 wenn
1106 2566 1156 2630 die
1179 2565 1280 2650 Fulge

135 2669 180 2733 als
201 2668 428 2754 gegenwfirtig
449 2669 526 2753 gilt:
549 2667 639 2733 Verr.
659 2669 724 2751 3,8
747 2670 915 2734 ostendam
937 2670 983 2733 sie
1004 2668 1201 2752 provinciam
1224 2689 1281 2750 per

136 2771 308 2834 triennium
335 2773 483 2834 vexatam
510 2774 606 2853 atque
634 2773 804 2849 vastatam,
833 2773 870 2834 ut
893 2770 1094 2835 eanmultis
1117 2770 1213 2833 annis
1234 2790 1281 2832 re-

138 2892 241 2936 creare
263 2892 468 2954 nequeamus.
507 2892 596 2955 prov.
621 2892 707 2936 cons.
733 2873 781 2954 12,
804 2873 854 2936 31.
889 2872 944 2940 fin.
958 2871 988 2955 2,
1004 2871 1036 2954 4,
1054 2873 1103 2936 11.
1138 2869 1232 2938 Tusa.
1248 2870 1279 2951 3,

143 2974 187 3056 18,
208 2973 251 3038 28
274 2974 337 3037 und
362 2972 454 3037 ὃιιιιι.

218 3074 248 3139 6.
290 3073 553 3139 Οιιιιιιιιιιιι
586 3074 698 3139 steben
731 3073 935 3158 genthnlieh
967 3094 996 3136 a.
1030 3074 1074 3136 im
1107 3070 1281 3155 Imperfeet

138 3176 211 3241 oder
239 3175 552 3260 Plusquamperfeet,
581 3175 613 3240 b.
643 3176 746 3241 selten
772 3175 840 3240 und
867 3174 1077 3258 nothwendig
1098 3174 1142 3238 ir'n
1165 3173 1282 3238 Prae·

138 3297 242 3356 sens,
276 3299 372 3341 wenn
399 3276 455 3340 der
484 3277 597 3342 Grund
625 3277 678 3341 ein
707 3276 879 3362 allgemein
906 3275 1049 3361 gultiger
1077 3275 1134 3358 ist,
1163 3275 1223 3338 wie
1249 3296 1282 3357 p.

139 3375 274 3443 Caecina
289 3378 331 3442 34
346 3378 408 3442 hoe
430 3378 562 3463 indicat,
587 3400 658 3444 eum
681 3378 703 3441 ii
726 3378 780 3462 qui
802 3378 836 3441 in
860 3377 1012 3465 servitute
1034 3377 1118 3440 iusta
1140 3375 1282 3460 fuerunt,

139 3501 233 3544 censu
261 3479 450 3564 liberentur,
477 3502 548 3545 eum
570 3481 625 3564 qui
647 3480 767 3544 censeri
791 3479 947 3560 noluerit,
975 3479 1080 3561 ipsum
1103 3477 1165 3542 sibi
1187 3477 1281 3541 liber-
1340 3532 1342 3535 .

138 3585 232 3647 tatem
263 3580 506 3647 abiudicarisse.
552 3582 642 3646 Brut.
665 3581 721 3663 23,
745 3580 797 3644 89.
832 3580 890 3661 80,
914 3580 986 3644 279.
1010 3616 1051 3627 -
1076 3600 1103 3644 e.
1131 3600 1202 3645 eum
1223 3580 1283 3644 mit

138 3683 205 3749 dem
228 3683 424 3768 Conjunetiv
447 3683 502 3746 des
524 3682 705 3747 Perfeets
727 3668 820 3763 lesse,
844 3682 904 3746 wie
926 3682 960 3746 in
982 3680 1208 3766 Folgesiitzen,
1232 3680 1283 3744 die

137 3783 315 3869 Handlung
342 3807 413 3849 vom
442 3783 667 3869 Standpunlrte
694 3783 750 3848 der
771 3782 965 3868 Gegenwnrt
993 3805 1049 3847 aus
1077 3781 1282 3846 betraehten:

137 3885 224 3951 Verr.
248 3885 298 3970 Π,
325 3888 359 3969 1,
381 3887 425 3950 40
445 3887 572 3951 fatebor
594 3886 679 3950 enim
702 3905 752 3949 me
775 3906 847 3949 eum
870 3885 931 3949 iste
953 3886 1108 3968 punctum
1130 3884 1283 3966 temporis

136 3988 258 4053 nullum
288 4007 423 4052 vacuum
449 3992 582 4073 peceato
610 3987 784 4071 praeterire
814 3995 926 4070 passus
948 3987 1006 4070 sit,
1034 3985 1143 4049 omnia
1166 4005 1282 4069 eogno-

137 4110 219 4155 seere
243 4110 312 4153 non
334 4090 485 4172 potuisse.
523 4111 554 4172 p.
578 4088 649 4152 Mil.
664 4089 717 4170 26,
734 4088 776 4151 70
790 4108 862 4151 eum
885 4091 1015 4153 senatus
1038 4087 1066 4151 ei
1089 4086 1285 4151 commiserit

136 4194 185 4261 att.
230 4192 275 4257 35
297 4211 358 4255 nee
384 4191 477 4256 timet
504 4211 561 4274 ne,
591 4212 663 4255 eum
689 4189 816 4273 plebem
838 4191 1023 4256 muneribus
1045 4189 1196 4273 placarit,
1224 4209 1283 4254 vos
