2948 5048
539 138 585 154 -·
622 108 769 171 247—

22 233 72 304 1)·
127 257 283 324 mitdem
306 258 500 343 (lonjunctiv
522 258 577 323 des
600 259 797 323 Perfects:
831 282 862 343 p.
892 259 986 324 domo
1009 262 1049 326 13
1071 262 1154 345 quod
1176 266 1225 327 est

22 356 121 418 ¹118
153 360 359 444 adoptionis?
403 360 528 444 Nempe
555 361 628 424 ut
618 383 647 424 rs
675 361 819 445 adoptet,
849 363 904 446 qui
932 383 1035 444 neque
1057 384 1224 446 procreare

22 459 139 526 ¹⁸11
165 462 284 526 liberos
306 462 411 544 possit
433 467 479 545 et,
507 483 579 526 cum
601 463 750 545 potuerit,
781 411 823 526 sit
845 467 1003 546 expertus.
1040 485 1106 547 rep.
1132 467 1160 542 l,
1187 465 1223 528 l7

22 562 145 629 [luis
181 564 268 627 enim
301 566 413 646 putare
439 584 512 627 vere
539 565 660 646 potest,
692 562 764 646 plus
793 565 897 648 egisse
926 565 1116 680 Dionysium
1145 570 1223 647 tum,

22 663 145 729 stum
175 664 301 729 civibus
328 664 395 728 suis
423 664 575 748 eripuerit
603 664 799 747 libertatem,
827 688 923 749 quam
950 667 1019 731 eius
1041 667 1142 730 civem
1164 668 1224 730 Ar-

22 750 265 849 sthimedem,
289 787 362 830 cum
383 767 511 831 istam
502 787 605 849 rpsam
627 714 799 848 sphaeram
820 768 985 832 effecerit?
1014 767 1107 834 Tusc.
1123 770 1155 848 4,
1172 769 1224 852 22,

22 848 118 932 50.
157 866 246 932 Phil.
269 869 300 945 2,
323 868 375 949 33,
397 868 449 931 84.
478 868 622 950 3„82l.
658 865 804 950 panc
825 868 941 947 1233
977 869 1224 951 Att52113

22 968 105 1032 ud
132 968 199 1044 Qu.
224 969 264 1032 fr.
287 970 316 1050 3,
343 973 353 1031 l
360 970 464 1051 7,§.
488 971 539 1034 25.

158 1069 199 1133 Β.
229 1019 322 1134 Nach
343 1076 526 1152 postquam,
555 1092 626 1135 cum
643 1074 802 1155 primaeva,
829 1078 880 1152 ut,
903 1077 940 1136 ut
955 1074 1101 1154 primum
1123 1071 1225 1136 bleibt

22 1162 95 1237 'ln
121 1172 187 1235 der
210 1170 311 1255 Regel
334 1192 362 1236 a.
386 1172 443 1236 das
464 1171 636 1238 Perfect:
668 1173 743 1241 fam.
765 1175 797 1256 4,
821 1177 852 1257 4,
875 1176 896 1239 3
919 1195 994 1238 nam
1017 1173 1065 1237 sic
1086 1173 1139 1237 166
1161 1173 1224 1237 exi-

28 1275 202 1338 stimes:
235 1275 308 1356 post
336 1271 394 1344 has
423 1273 567 1337 miserias
595 1273 628 1336 id
657 1278 706 1338 est
733 1279 900 1358 postquam
927 1274 1025 1338 armis
1053 1274 1225 1357 disceptari

35 1378 228 1459 coeptum
255 1375 298 1436 sit
320 1373 375 1457 (al.
397 1379 453 1454 687)
477 1375 515 1437 de
538 1375 606 1438 iure
629 1375 772 1459 publico,
802 1376 885 1440 nihil
914 1397 984 1439 esse
1007 1370 1225 1440 aetum‘aliud

33 1496 145 1541 eum
178 1475 347 1559 dignitate.
392 1475 425 1553 8,
453 1476 492 1539 16
498 1525 507 1557 ,
532 1477 548 1538 1
578 1475 654 1540 deos
683 1476 892 1562 hominesque
922 1515 960 1524 -
990 1477 1147 1541 testificor
1174 1498 1225 1541 me

35 1579 127 1643 tibi
162 1576 363 1661 praedixisse
390 1598 493 1660 neque
521 1580 640 1641 temere
669 1579 846 1656 monuisse,
876 1579 932 1642 sed
954 1582 1127 1662 postquam
1147 1578 1225 1644 (lee-

42 1700 178 1744 sarem
215 1678 419 1741 convenerim
451 1679 708 1763 sententiamque
740 1681 825 1761 sius,
863 1680 967 1763 qualis
999 1679 1109 1744 futura
1142 1682 1226 1742 esset

42 1785 166 1866 parta
189 1779 340 1857 victoria,
369 1779 589 1864 cognoverim,
618 1783 650 1844 76
672 1781 838 1844 certiorem
861 1779 985 1848 fecisse.
1022 1782 1053 1860 9,
1081 1783 1108 1861 1,
1130 1780 1160 1841 2.
1192 1780 1223 1862 4,

47 1885 103 1960 3,
129 1883 162 1946 4.
198 1881 262 1964 leg.
285 1900 353 1965 sgr.
376 1881 406 1963 2,
429 1880 450 1943 2
472 1881 638 1964 reperietis
661 1918 699 1928 -
723 1902 774 1944 me
803 1902 872 1945 esse
894 1902 993 1944 unum
1015 1902 1053 1944 ex
1075 1881 1224 1947 omnibus

50 1985 164 2048 novis
194 1976 394 2061 hominibus,
423 1981 462 2045 de
490 1982 605 2065 quibus
627 1982 809 2046 meminisse
832 1983 1004 2065 possimus,
1035 1983 1090 2065 qui
1111 2002 1224 2045 consu-

56 2085 175 2150 latum
204 2083 368 2166 petierim,
398 2104 469 2148 cum
490 2085 633 2162 fimum
655 2082 779 2148 licitum
801 2083 858 2166 sit,
889 2083 1001 2147 consul
1022 2083 1127 2147 factus
1149 2084 1220 2161 sim,

63 2209 145 2251 cum
168 2185 308 2269 primum
327 2185 484 2268 petierim.
521 2206 552 2268 p.
570 2182 673 2248 Balbo
687 2184 708 2248 2
723 2184 843 2249 fatetur
858 2184 943 2248 hune
958 2185 992 2249 in
1008 2184 1221 2269 Hispania-

60 2288 107 2352 in
129 2286 273 2351 exercitu
295 2285 393 2349 fuisse
415 2289 457 2367 et,
479 2290 514 2350 ut
534 2285 705 2369 Pompeius
727 2286 762 2349 in
777 2285 969 2370 Hispaniam
985 2288 1108 2352 venerit
1123 2286 1223 2351 Mem·

70 2391 238 2472 miumquc
272 2387 390 2450 habere
420 2391 620 2470 quaestorem
648 2388 803 2471 coeperit,
835 2409 1001 2471 nunquam
1030 2387 1223 2452 ahlemmio
1326 2417 1329 2424 ·

74 2490 267 2555 discessisse.
300 2510 367 2572 rep.
389 2489 419 2569 2,
434 2490 455 2551 2
471 2488 498 2552 is
520 2489 630 2572 igitur,
653 2492 691 2553 ut
711 2493 808 2553 natus
831 2489 875 2553 sit
896 2511 968 2553 cum
991 2489 1092 2554 Remo
1113 2490 1223 2571 fratre,

75 2591 193 2656 dicitur
218 2591 260 2654 ab
290 2590 420 2654 Amulio
442 2628 483 2637 -
505 2589 623 2674 exponi
646 2589 749 2654 iussus
772 2611 850 2658 esse.
894 2591 992 2655 Ibid.:
1023 2590 1222 2676 perhibetur,

77 2698 112 2757 ut
135 2691 374 2763 adoleverit-
396 2695 523 2755 tantum
550 2692 665 2756 ceteris
692 2693 891 2775 praestitisse
920 2696 956 2756 ut
978 2697 1034 2757 ctt.
1079 2695 1147 2757 Att.
1173 2694 1222 2771 ll,

80 2796 125 2871 16,
143 2794 174 2858 2.
208 2793 282 2858 lem.
299 2794 329 2874 3,
345 2792 376 2874 9,
392 2795 423 2855 4.
452 2793 483 2875 5,
499 2792 529 2874 2,
546 2794 566 2856 3
583 2792 765 2874 illuddico,
789 2814 850 2876 me,
872 2799 908 2858 ut
923 2796 1068 2874 manum
1089 2793 1122 2856 in
1147 2814 1222 2874 con-

78 2896 163 2959 tione
190 2894 389 2978 provinciam
415 2893 630 2976 deposuerim,
659 2895 786 2974 statim,
815 2915 907 2977 quem
938 2893 977 2956 ad
1000 2894 1130 2985 modurn
1152 2915 1223 2957 eam

78 2997 132 3060 tibi
155 2997 325 3076 traderem,
349 2995 489 3080 cogitare
512 2995 665 3078 coepisse.
698 2996 728 3076 5,
757 2995 787 3076 8,
809 2996 841 3059 3.
874 2995 923 3077 11,
947 2996 1000 3075 27,
1014 2995 1045 3058 4.
1062 3033 1095 3042 —
1111 2994 1140 3058 b.
1163 2994 1223 3057 Als

79 3098 197 3163 seltenc
219 3096 406 3161 Ausnahme
427 3095 529 3160 findet
550 3096 619 3162 sich
641 3094 724 3159 auch
746 3095 803 3159 der
818 3095 1013 3179 Gonjunctiv
1035 3094 1091 3159 des
1113 3094 1223 3158 Plus-

78 3198 375 3282 quamperfects
397 3198 431 3261 in
453 3197 584 3262 solchen
606 3195 903 3280 Temporalsttzeu:
926 3218 992 3280 rep.
1018 3197 1102 3277 1,17
1126 3193 1221 3279 quem

79 3338 115 3348 —
137 3300 400 3365 animadvertisse
430 3299 543 3363 dicunt
569 3299 603 3362 in
630 3319 727 3362 arena
755 3297 967 3381 geometricas
989 3297 1108 3361 formas
1131 3318 1222 3380 quas-
1272 3363 1275 3368 ,

79 3403 149 3467 dam
171 3423 241 3466 esse
263 3401 458 3484 descriptas3
480 3421 558 3483 quas
579 3405 616 3465 ut
635 3401 771 3481 vidisset,
796 3399 1023 3464 exclamavisse
1039 3401 1095 3462 ott.
1127 3396 1220 3462 Tusc.

78 3505 108 3584 4,
130 3505 167 3583 2,
190 3505 211 3568 5
238 3503 333 3592 facile
363 3507 399 3566 ut
425 3505 580 3586 appareat
608 3504 734 3565 nostros
762 3501 871 3565 omnia
899 3501 1049 3584 consequi
1071 3498 1222 3583 potuisse,

76 3607 169 3671 emal
195 3611 231 3669 ut
253 3603 334 3669 velle
356 3604 546 3687 coepissent.
585 3602 647 3666 div.
674 3605 701 3682 l,
725 3603 776 3685 23,
799 3602 840 3666 47
864 3602 974 3666 eadem
997 3599 1122 3686 (nocte)
1146 3621 1220 3664 oon·

76 3711 139 3771 stat
159 3727 199 3770 ex
222 3704 411 3788 Olympiade
432 3708 547 3768 natum
570 3723 639 3767 esse
657 3703 879 3768 Alexandrum
901 3707 1010 3786 atque,
1038 3702 1094 3767 ece·
1114 3702 1221 3766 lucere

76 3810 230 3890 coepisset,
260 3806 441 3870 clamitasse
463 3827 573 3890 magos
596 3807 651 3869 ctt.
695 3803 774 3868 Man
797 3803 882 3868 sieht
902 3804 1043 3884 hiereos,
1063 3803 1141 3868 dass
1163 3801 1218 3866 der

76 3906 361 3993 Spraehgebrauch
383 3907 561 3989 sohwankt,
585 3907 657 3970 dass
680 3905 757 3969 aber
779 3906 835 3969 der
856 3904 1050 3988 Conjunctiv
1072 3903 1127 3968 des
1142 3904 1217 3968 Per-

77 4010 156 4075 16678
179 4009 233 4073 bei
254 4008 378 4072 vveitem
401 4007 629 4093 iibervviegend
650 4007 704 4071 ist.

156 4110 195 4176 O.
224 4108 319 4173 Auch
346 4108 429 4173 nach
456 4115 626 4191 antequem
652 4110 717 4174 und
742 4112 932 4192 priusquam
953 4109 1039 4193 folgt
1061 4108 1106 4171 im
1128 4109 1219 4173 awei-

74 4215 126 4276 ten
150 4211 334 4276 Neheusatz
360 4210 426 4274 fast
447 4211 561 4274 immor
583 4211 638 4274 der
659 4208 853 4294 Oonjunctiv
877 4210 932 4276 des
955 4211 1155 4277 Perfects:
1185 4210 1222 4275 in
