2932 5056
635 97 846 163 ,98-

169 290 209 302 —-
234 251 313 317 011.
336 249 429 317 Rosa.
453 272 532 316 com.
552 252 590 317 18
613 252 696 335 quod
719 251 747 314 si
769 251 936 335 quisquam
958 253 1067 335 petere
1081 253 1192 334 potest
1214 249 1313 315 alteri.

168 353 257 419 Verr.
280 355 310 438 2,
333 355 353 417 6
375 355 403 418 si
426 354 572 438 cuiquam
594 354 705 438 generi
729 357 784 421 ott.
814 375 846 437 p.
871 352 952 419 Mur.
975 352 1018 416 30
1039 351 1182 417 nefarius
1204 352 1313 434 fueris,

166 457 193 520 si
209 456 382 541 quidquam
397 454 617 520 misericordia
638 454 794 520 adductus
815 455 939 519 feceris.
962 478 992 539 p.
1010 451 1113 518 Balbo
1126 455 1168 518 21
1185 454 1214 518 si
1230 456 1315 538 quis-

165 579 260 641 quam
283 543 377 622 hnius
400 557 526 641 imperii
549 556 697 621 defensor
718 557 798 621 mori
820 561 936 640 potest.
980 555 1070 623 Brut.
1093 557 1136 621 33
1158 555 1316 640 legendus

166 663 216 723 est
236 659 289 724 bic
312 663 429 741 orator,
459 660 487 723 si
512 658 681 743 quisquam
703 657 794 741 alius,
817 658 986 725 iuventuti.
1037 656 1132 722 llaec.
1164 659 1196 742 5,
1223 659 1264 722 10
1286 661 1312 722 si

166 761 339 846 quidquam
361 761 440 825 boni
462 764 520 826 est.
549 760 603 825 off.
629 762 656 844 1,
679 762 717 825 31
745 760 846 845 siqu.
871 764 919 824 est
941 759 1098 824 decorum.
1124 761 1215 825 acad.
1239 761 1272 843 2,
1296 761 1315 823 3

80 925 82 930 ,
166 863 251 947 quod
274 863 403 948 gravius
426 863 590 944 ferremus,
620 863 647 926 si
674 863 841 947 quisquam
867 861 965 926 ullam
988 862 1191 946 disciplinam
1213 862 1318 946 philo-

170 966 301 1050 sophiae
324 964 475 1049 probaret
496 968 624 1049 praeter
646 987 727 1048 eam,
749 986 846 1049 quam
868 964 936 1048 ipse
959 967 1151 1047 sequeretur.
1180 964 1261 1029 fam.
1283 966 1314 1044 5,

71 1073 72 1077 ’
168 1067 239 1153 osi
262 1067 427 1151 qnisquam
450 1066 593 1150 recipiat.
624 1069 652 1145 7,
675 1069 706 1149 3,
728 1068 748 1130 3
771 1066 797 1130 si
820 1066 991 1151 quidquam
1015 1087 1102 1130 nunc
1125 1066 1313 1151 cuiusquam

170 1172 228 1233 est.
274 1167 453 1233 Besonders
476 1169 510 1232 in
533 1169 707 1253 folgenden
730 1167 896 1233 Formeln:
919 1167 1156 1251 9151111111,
1179 1168 1208 1232 si
1224 1191 1313 1253 prae·

166 1275 217 1334 ter
239 1274 272 1334 te
294 1292 486 1355 quemquam
508 1269 664 1354 reliquum
685 1269 798 1334 habeo.
855 1271 925 1335 att.
948 1273 980 1352 5,
1007 1271 1060 1353 20,
1087 1271 1107 1335 6
1128 1271 1261 1353 moriar,
1289 1271 1314 1334 si

167 1371 340 1456 quidquam
362 1373 431 1437 fieri
454 1376 562 1456 potest
584 1372 773 1457 elegantius.
822 1374 870 1453 14,
896 1375 909 1434 1
942 1373 969 1436 si
992 1374 1094 1456 quisq.
1118 1372 1235 1453 facilis,
1263 1372 1315 1436 hic

167 1476 225 1538 est.
248 1473 326 1538 fam.
350 1474 380 1557 6,
406 1475 445 1538 14
466 1475 494 1538 si
516 1475 616 1558 quisq.
639 1478 688 1539 est
708 1473 840 1539 timidus
864 1510 900 1521 -
925 1472 953 1537 is
975 1496 1034 1558 ego
1056 1495 1134 1542 sum.
1160 1475 1210 1555 15,
1226 1475 1258 1556 4,
1279 1475 1316 1549 13

167 1576 195 1640 si
211 1575 386 1659 quisquam
408 1575 471 1640 fuit
492 1598 631 1660 unquam
653 1579 793 1640 remotus
824 1613 860 1623 —-
890 1575 931 1638 ab
960 1575 1051 1640 inani
1073 1573 1167 1639 laude
1196 1579 1230 1639 et
1251 1597 1315 1639 ser·

169 1678 318 1742 monibus
341 1678 438 1763 vulgi,
469 1700 529 1763 ego
557 1678 699 1761 profecto
728 1678 755 1742 is
782 1700 861 1742 sum.
913 1676 999 1740 Lael.
1023 1677 1043 1739 2
1070 1677 1097 1740 si
1119 1677 1235 1760 quisq,
1260 1677 1314 1740 ille

167 1779 296 1864 sapiens
324 1779 397 1843 fuit.
449 1780 529 1844 Dem
558 1779 791 1863 entsprechend
820 1779 862 1843 im
892 1777 1214 1862 Temporalsatae:
1243 1779 1314 1844 Cat.

42 1890 49 1904 “
170 1885 197 1963 l,
219 1882 240 1945 2
262 1882 416 1966 quamdiu
437 1882 538 1965 quisq.
563 1880 633 1961 erit,
664 1880 718 1965 qui
745 1884 778 1945 te
801 1879 970 1945 defendere
993 1880 1118 1945 audeat.
1164 1880 1314 1946 Disselbe

57 2036 60 2041 .
105 1995 108 1999 ’
167 1983 345 2069 Wendung
377 1984 430 2048 bei
457 1983 544 2048 Sen.
572 1982 612 2046 ad
635 1982 734 2047 Marc.
768 1986 794 2061 l,
817 1983 838 2048 3
865 1982 1017 2066 quamdiu
1039 1984 1142 2067 quisq.
1165 1984 1236 2067 erit,
1259 1984 1314 2067 qui

168 2086 200 2166 (2
223 2085 314 2171 Mal).
856 2125 859 2130 -

252 2187 359 2253 Caes.
390 2187 421 2252 b.
445 2209 475 2272 g.
498 2188 528 2267 5,
549 2188 588 2251 41
619 2187 645 2250 si
669 2187 842 2270 quidquam
865 2186 905 2250 ab
928 2186 979 2250 his
1000 2187 1151 2271 praesidii
1173 2192 1314 2271 sperent.

166 2289 247 2354 Liv.
271 2291 303 2372 4,
329 2289 377 2366 19,
402 2290 431 2352 3.
456 2288 597 2354 0111111.
621 2290 672 2371 95,
698 2292 725 2353 1.
749 2290 845 2366 97,1.
872 2289 974 2372 101,1.
1019 2288 1127 2353 Ovid.
1151 2312 1213 2354 am.
1236 2291 1267 2373 3,
1284 2292 1314 2371 8,

169 2393 251 2455 630
275 2391 302 2454 si
331 2390 471 2474 neglecti
499 2389 668 2475 quisquam
691 2390 767 2455 deus
790 2390 875 2455 ultor
898 2391 1048 2455 amantis.
1076 2429 1117 2440 —
1145 2391 1241 2456 Fehlt
1262 2392 1312 2456 bei

167 2491 320 2575 Vellejus.
371 2491 454 2557 Sen.
480 2492 551 2556 ben.
574 2493 605 2568 4,
631 2493 680 2574 12,
703 2493 733 2556 4.
756 2493 786 2573 4,
813 2496 839 2576 l,
865 2496 891 2559 1.
919 2498 1021 2560 const.
1047 2495 1094 2575 19,
1118 2494 1147 2557 3.
1199 2493 1311 2578 Apul.

168 2615 208 2656 m.
232 2594 263 2675 9,
289 2595 327 2656 17
352 2595 376 2657 si
401 2595 504 2678 quisq.
528 2593 694 2658 hominum
718 2617 788 2658 earn
811 2595 1011 2678 contigisset.

253 2697 283 2779 c)
307 2693 414 2759 Selten
439 2695 526 2760 steht
547 2697 717 2778 quisquam
739 2699 784 2760 im
804 2697 978 2781 negativen
1001 2697 1223 2762 Finalsatae:
1239 2684 1311 2762 Cic.
1444 2727 1448 2777 3

168 2794 208 2858 ad
231 2795 290 2871 Qu.
314 2796 353 2859 11.
376 2797 407 2879 3,
432 2797 461 2876 9,
484 2799 504 2861 3
527 2820 568 2862 ne
592 2798 776 2881 cuiusquam
800 2799 942 2863 animum
964 2820 1054 2862 meae
1074 2799 1202 2864 litterae
1216 2801 1313 2864 inter·
1442 2782 1445 2817 r

168 2899 279 2979 ceptae
302 2896 473 2962 offendant.
504 2937 544 2947 —
574 2899 662 2964 Caes.
686 2899 715 2963 b.
739 2922 771 2984 g.
796 2902 824 2982 7,
846 2901 889 2964 40
916 2889 1141 2983 interdicitque
1164 2902 1312 2965 omnibus

167 3019 207 3062 ne
237 3019 363 3083 quemq.
393 3001 597 3065 interficiant.
653 3000 729 3069 Sall.
755 3001 830 3086 Jug.
853 3003 896 3067 45
929 3024 969 3066 ne
997 3003 1099 3085 quisq.
1135 3002 1312 3068 incastris
1422 3029 1429 3084 :

167 3121 284 3182 panem
308 3138 345 3148 -
370 3103 531 3167 venderet.
554 3101 634 3167 Ibid.
657 3124 698 3166 ne
721 3103 821 3187 quisq.
846 3103 958 3169 ordine
980 3104 1188 3188 egrederetur
1204 3105 1310 3189 (Kritz
1421 3085 1425 3127 ³

169 3201 302 3266 erklart:
331 3205 479 3288 nequis,
503 3205 684 3289 quicunqne
707 3207 814 3289 esset).
865 3205 982 3272 Oatnll.
1007 3208 1057 3284 97,
1082 3206 1110 3270 9.
1140 3206 1216 3271 Seu.
1241 3207 1309 3270 ben.
1412 3209 1417 3280 j

167 3304 198 3385 4,
222 3305 274 3388 35,
302 3308 317 3368 1
347 3327 389 3369 11
410 3305 443 3369 id
466 3307 568 3389 quisq.
591 3307 701 3372 faciat.
734 3309 764 3389 4,
794 3309 842 3391 19,
868 3311 893 3370 1.
944 3307 1078 3393 August.
1104 3308 1163 3373 civ.
1188 3309 1240 3373 dei
1265 3308 1311 3387 10,

166 3404 272 3470 2011
295 3406 344 3470 111
367 3406 427 3470 hac
449 3408 617 3472 occasione
641 3410 741 3493 quisq.
765 3408 972 3473 existimaret.
1402 3409 1404 3433 ³

253 3508 287 3592 d)
327 3508 430 3574 Unter
468 3509 529 3574 den
563 3511 783 3594 negativen
816 3509 983 3595 Fragen,
1018 3509 1069 3574 die
1102 3512 1312 3596 regelmdssig
1392 3510 1397 3585 1

170 3611 339 3692 qaisquam
366 3609 483 3693 haben,
513 3611 640 3674 wendet
664 3610 775 3676 Cicero
804 3612 975 3677 besonders
1003 3610 1156 3696 folgende
1184 3612 1311 3681 Formel
1383 3662 1388 3695 ,

166 3733 225 3776 an:
259 3716 291 3775 et
323 3713 427 3796 quisq.
456 3703 617 3777 dubitabit
644 3713 706 3798 leg.
736 3712 823 3777 Man.
856 3715 902 3778 14.
930 3715 977 3779 15.
1005 3716 1048 3778 et·
1065 3735 1193 3798 quemq.
1217 3719 1311 3800 putas
1382 3710 1384 3737 '

166 3814 264 3878 fuisse
286 3816 354 3878 tam
377 3815 545 3879 excordem
567 3815 622 3898 qui
644 3837 675 3899 p.
699 3814 880 3880 Ρ11111.29.
909 3816 1055 3880 dubitare
1078 3816 1179 3901 quisq.
1205 3821 1312 3901 potest
1372 3824 1377 3881 l

166 3915 199 3978 in
216 3914 401 3980 01111120.
431 3920 463 3981 te
486 3919 578 4001 putet
600 3918 701 4001 quisq.
725 3917 819 3982 sociis
834 3920 1028 4001 temperasse
1043 3910 1136 3981 Verr.
1153 3917 1196 3999 II,
1216 3922 1244 4004 1,
1259 3919 1310 3982 59.
1364 3959 1367 4001 3

166 4015 227 4079 Mit
249 4016 321 4081 dem
343 4016 431 4081 'Pone
454 4017 509 4082 des
531 4017 698 4084 Vorwurfs
721 4019 803 4084 auch
824 4021 855 4101 5,
880 4019 921 4084 63
949 4020 983 4084 11
1007 4040 1133 4084 crucem
1156 4023 1191 4083 tn
1215 4041 1310 4105 agere
1362 4006 1365 4044 ³

166 4139 261 4183 ausus
284 4142 317 4183 cs
340 4141 538 4203 quemquam,
567 4121 622 4202 qui
644 4119 707 4182 -3
747 4119 906 4185 Indirect:
940 4121 1011 4202 3,7
1041 4141 1097 4185 cur
1123 4122 1159 4184 in
1181 4143 1217 4185 re
1245 4126 1309 4186 1111

167 4223 333 4284 vetere-
358 4221 530 4306 quidquam
553 4222 627 4284 novi
650 4221 773 4285 feceris.
823 4220 914 4287 Eben
938 4244 973 4286 so
996 4223 1082 4288 Caes.
1107 4223 1137 4287 b.
1160 4245 1192 4306 g.
1220 4225 1247 4306 1,
1269 4223 1311 4287 40
1344 4238 1350 4311 j
