3052 5062
581 307 811 370 -491-

125 459 327 545 persentiens
349 458 461 524 Form
484 460 587 541 dieser
609 458 717 523 Verba
740 460 782 523 ist
804 459 837 523 in
860 463 912 541 ἐξ.
936 460 977 524 95
999 459 1064 523 und
1087 459 1269 545 983111111-

125 561 191 626 (1111
212 562 351 625 worden.

213 666 239 727 1.
285 664 353 727 Aus
376 661 500 726 Ennius
522 662 600 725 wird
624 663 728 727 citirt:
762 685 840 747 quos
869 684 934 726 non
964 664 1095 728 miseret
1121 665 1269 728 neminis.

126 767 274 829 miserete
297 765 398 828 anuis.
444 763 576 827 Plautus
599 763 655 827 hat
670 763 780 849 hiiufig
796 767 929 845 miseret,
953 765 1032 829 auch
1042 769 1180 848 poenitet
1201 766 1267 829 und

119 868 228 950 pudet.
274 863 483 929 Ausserdem:
505 865 593 931 Trin.
617 865 681 929 430
703 868 735 929 11
757 888 807 929 me
829 867 895 929 eius
911 867 1132 931 miseritumst.
1157 867 1268 930 Pseud.

125 968 188 1032 318
218 967 272 1049 qui
299 988 350 1030 me
379 969 426 1031 tui
456 966 599 1030 misereri
628 968 781 1049 postulas.
838 967 933 1032 Most.
956 969 1018 1032 316
1046 990 1097 1031 me
1119 969 1164 1032 ibi
1186 969 1269 1032 male

126 1069 252 1133 convivi
274 1069 493 1151 sermonisque
516 1073 635 1132 tuesum
656 1074 710 1132 est:
733 1067 868 1133 Terenz:
899 1069 1037 1149 miseret,
1066 1070 1173 1153 pudet,
1197 1092 1269 1153 poe-

125 1170 217 1248 nitet,
243 1169 359 1239 taedet,
404 1169 559 1232 Daneben
587 1168 644 1231 das
673 1167 729 1233 r‘r'rc.
759 1171 819 1249 sto.
869 1169 985 1233 Heaut.
1008 1171 1039 1249 5,
1063 1171 1136 1252 4,3
1164 1172 1269 1254 inopis

14 1311 17 1318 ·
126 1293 212 1335 nunc
233 1274 266 1335 te
287 1274 468 1336 miserescat
489 1270 562 1333 mei.
609 1268 688 1353 (Des
720 1270 921 1354 perstnliche
943 1274 1102 1337 miseresce
1132 1276 1197 1336 1111
1219 1272 1270 1336 bei

126 1371 218 1456 Virg.
242 1373 283 1436 A.
306 1373 335 1450 8,
351 1373 415 1437 513
438 1371 579 1455 Arcadii,
602 1392 730 1454 quaeso,
755 1374 951 1437 miserescite
974 1374 1069 1457 regis.
1113 1373 1193 1437 Stat.
1210 1372 1269 1437 Th.

128 1475 157 1557 1,
173 1473 260 1556 280.)
300 1471 443 1537 111111.
469 1475 530 1556 etp.
556 1473 597 1536 ist
619 1471 700 1536 auch
723 1472 796 1538 Ter.
814 1474 892 1539 Hec.
911 1477 938 1556 1,
955 1476 984 1556 2,
1000 1476 1043 1539 54
1065 1473 1267 1554 Bacchidem,

126 1576 153 1639 si
176 1574 308 1653 adesset,
332 1575 425 1638 credo
446 1574 492 1638 ibi
515 1575 581 1637 eius
604 1576 886 1641 commiserescerct.
930 1576 1048 1641 Accius
1070 1598 1121 1659 ap.
1139 1574 1207 1641 Cic.
1230 1574 1269 1638 de

126 1677 189 1740 div.
214 1679 241 1756 1,
264 1677 304 1740 31
327 1676 375 1740 tui
397 1697 449 1738 me
472 1675 610 1755 miseret,
634 1675 695 1737 mei
717 1679 808 1757 pipet.

211 1778 241 1842 2.
286 1779 354 1840 Aus
376 1775 570 1840 ldassischer
592 1776 656 1839 und
679 1780 824 1859 sp‘aterer
839 1778 910 1842 Zeit
931 1779 991 1842 soll
1014 1801 1075 1841 nur
1092 1778 1270 1863 Folgendes

128 1878 305 1963 angeftihrt
333 1877 476 1941 werden:
511 1876 693 1941 111111.
726 1877 752 1959 1,
783 1882 809 1957 1,
836 1880 876 1942 12
907 1885 983 1942 sunt
1015 1879 1162 1944 homines
1191 1901 1270 1962 quoa

128 1979 269 2044 libidinis
285 1978 501 2061 infamiaeque
517 1999 592 2041 suae
607 2000 712 2062 neque
727 1981 845 2061 pudeat
861 2002 964 2063 neque
979 1981 1115 2044 taedeat.
1138 2003 1170 2063 p.
1186 1980 1268 2044 Tull.

129 2081 168 2145 16
191 2103 262 2145 eum
278 2081 403 2165 negotii
417 2078 515 2143 totius
538 2083 570 2142 et
586 2082 758 2163 emptionis
775 2103 849 2146 suae
864 2082 1059 2164 poenitebat.
1096 2083 1130 2144 in
1146 2080 1208 2144 Pis.
1227 2083 1268 2144 24

126 2183 226 2268 pudet
246 2203 297 2245 me
319 2181 376 2245 tui.
420 2179 514 2245 Verr.
538 2180 580 2263 Il,
606 2183 633 2263 1,
656 2182 697 2246 28
722 2184 917 2247 miseremini
939 2183 1105 2248 sociorum.
1148 2205 1179 2266 p.
1197 2182 1265 2246 Mil.

126 2285 169 2348 24
189 2304 360 2366 eorumque
382 2304 441 2346 nos
464 2283 567 2367 magis
590 2282 737 2367 miseret,
770 2285 824 2368 qui
854 2289 996 2348 nostram
1019 2283 1270 2348 misericordiam

127 2408 195 2450 non
217 2386 394 2468 requirunt,
418 2405 512 2468 quam
536 2384 591 2467 qui
614 2384 703 2448 illem
726 2385 919 2470 efflagitant.
964 2408 996 2468 p.
1013 2385 1124 2450 Plane.
1141 2386 1182 2449 33
1205 2406 1269 2448 me·

127 2508 188 2570 que
220 2485 425 2551 vehementer
450 2485 533 2548 vitae
556 2506 646 2548 meae
668 2487 864 2569 poeniteret,
896 2487 924 2551 si
947 2491 1002 2550 ctt.
1054 2486 1147 2550 Tusc.
1175 2488 1206 2569 5,
1232 2487 1270 2550 18

127 2588 284 2672 sapientia
311 2607 435 2669 semper
467 2607 505 2649 eo
533 2590 684 2651 contenta
715 2592 777 2671 est,
810 2589 893 2671 quod
922 2587 1029 2672 adest,
1064 2609 1166 2671 neque
1200 2609 1270 2651 eam

128 2711 278 2773 umquam
308 2689 357 2752 sui
385 2687 538 2772 poenitet.
583 2687 623 2751 ed
651 2688 710 2764 Qu.
740 2688 780 2752 fr.
812 2690 882 2772 1,2
910 2693 939 2771 §-
964 2691 986 2753 4
1013 2693 1195 2773 pertaesum
1223 2691 1272 2753 est

128 2790 278 2856 levitatis.

213 2891 293 2955 Bell.
316 2891 386 2955 Afr.
404 2891 444 2955 16
467 2891 617 2956 misereor
638 2893 745 2958 vestri.
775 2890 850 2957 sall.
867 2890 938 2957 Cat.
955 2893 996 2957 33
1019 2892 1152 2957 miseriti
1168 2893 1270 2977 plebis

128 2993 302 3057 Romanae.
347 2993 421 3059 Tac.
445 2991 477 3055 h.
500 2993 530 3071 4,
552 2992 594 3057 58
616 2994 714 3057 vestri
737 3016 788 3056 me
809 2995 909 3077 pudet
930 2994 1133 3077 miseretque.
1179 2994 1270 3060 Lact.

127 3096 156 3173 6,
180 3095 230 3176 24,
259 3094 279 3158 6
312 3115 405 3176 quem
432 3093 510 3156 facti
539 3093 587 3155 sui
616 3095 773 3176 poenitet,
810 3116 948 3158 errorem
978 3117 1069 3159 suum
1098 3095 1270 3178 pristinum

127 3195 294 3279 intelligit.
332 3193 429 3258 ibid:
452 3194 620 3277 resipiscit,
644 3215 737 3277 quem
760 3196 857 3258 errati
872 3196 969 3279 piget.
996 3233 1034 3244 -
1059 3197 1118 3260 Als
1134 3193 1190 3258 c‘r'rc.
1209 3196 1269 3278 etp.
1384 3258 1385 3265 ,

128 3298 170 3360 111
192 3296 242 3360 bei
259 3295 339 3360 Gell.
359 3294 407 3374 16,
428 3294 532 3376 10,11
555 3317 593 3358 11
608 3295 754 3359 notiren:
779 3296 904 3359 navitas
926 3317 1057 3380 precum
1073 3297 1140 3360 eius
1156 3295 1269 3359 harum

128 3399 368 3463 commiseritum
389 3415 461 3460 esse.

211 3500 243 3562 3.
290 3497 513 3562 Commiserori
540 3497 661 3580 regiert
690 3520 752 3561 nur
774 3498 836 3563 den
859 3501 985 3581 Aecus,
1014 3499 1101 3563 steht
1122 3498 1198 3561 aber
1221 3499 1271 3563 bei

129 3600 233 3664 Klass.
256 3598 339 3663 ohne
363 3596 463 3663 Casus
492 3597 557 3661 und
579 3620 640 3662 nur
662 3597 784 3664 Oornif.
815 3600 855 3663 ad
877 3599 954 3664 Her.
976 3601 1007 3684 4,
1028 3602 1071 3665 55
1094 3599 1272 3685 gebraucht

128 3723 161 3766 es
184 3700 230 3765 als
257 3700 397 3784 perstnl.
420 3699 546 3763 Passiv:
575 3700 610 3762 in
639 3700 863 3784 amplificanda
891 3704 923 3765 et
951 3701 1204 3765 commiseranda
1225 3721 1270 3764 11.

129 3804 283 3888 Dagegen
311 3801 412 3865 findet
433 3802 501 3866 sich
524 3804 680 3880 miserari,
711 3803 763 3867 bei
785 3803 972 3867 Klassikern
1001 3825 1085 3867 zwer
1111 3806 1190 3867 stets
1213 3803 1273 3867 mit

129 3906 256 3994 Aecus,
285 3903 321 3966 in
351 3902 492 3967 anderen
514 3901 686 3967 Zeitaltern
716 3903 795 3968 doch
825 3903 905 3968 auch
929 3926 956 3967 c.
981 3925 1056 3988 gen.
1105 3902 1146 3968 So
1169 3902 1270 3967 sehon

129 4006 246 4070 Accius
269 4027 318 4089 ap.
342 4003 426 4068 Non.
447 4027 478 4087 p.
493 4005 566 4086 445,
584 4005 623 4067 12
646 4006 718 4070 mei.
762 4004 873 4069 Justin
898 4005 982 4083 15,3
1003 4005 1172 4068 miseratus
1187 4005 1272 4067 tenti

129 4107 198 4172 viri.
222 4108 272 4188 43,
289 4106 457 4170 41111111.
482 4104 539 4170 Sil.
559 4109 608 4189 ll,
625 4107 686 4171 381
710 4128 833 4190 poenae
849 4107 1011 4191 indignae.
1034 4105 1154 4173 Minue.
1171 4105 1270 4169 Felix.

211 4209 242 4272 4.
272 4205 363 4273 Sich
385 4228 454 4272 vor
475 4207 640 4271 demand
663 4208 812 4293 (etwas)
836 4208 1034 4272 sehiimen:
1059 4206 1165 4271 Plaut.
1181 4205 1272 4270 11111.

128 4308 190 4373 912
213 4308 306 4372 deum
334 4331 384 4372 me
406 4307 513 4373 hercle
542 4311 635 4392 etque
658 4308 823 4374 hominum
846 4309 953 4393 pudet.
1003 4308 1075 4373 Ter.
1099 4307 1216 4372 Heaut.
1240 4308 1271 4393 2,

129 4409 160 4487 3,
185 4409 224 4473 19
246 4409 359 4492 quoius
381 4432 468 4475 nunc
490 4410 590 4493 pudet
611 4432 672 4475 me.
717 4410 777 4475 Ad.
800 4412 832 4496 4,
855 4412 885 4494 5,
901 4411 943 4476 49
965 4413 998 4475 et
1019 4431 1070 4474 me
1093 4410 1141 4475 tui
1163 4408 1272 4494 pudet.
