2948 5048
696 316 928 379 ,222-

239 474 387 561 (facere).
432 471 495 535 Mis
514 469 715 553 Erg’anzung
736 468 790 531 des
814 467 942 531 Passivs
964 487 1021 530 aus
1042 466 1114 529 dem
1138 465 1253 557 Actis:
1276 465 1308 543 3,
1322 465 1386 547 4,3

240 579 274 642 11
296 598 360 660 qua
381 577 440 659 (sc.
464 573 564 655 secta)
587 571 738 655 ponimus
759 569 952 635 veritatem?
984 567 1020 631 in
1041 567 1190 631 omnibus
1211 570 1300 631 certe
1323 587 1385 631 nou

240 681 346 761 potest
372 674 488 762 (poni).
539 672 601 737 biit
628 671 843 756 zweimaliger
870 670 1009 754 Ellipse:
1037 668 1104 734 cic.
1128 668 1211 735 Phil.
1240 670 1272 750 6,
1295 670 1326 747 5,
1351 669 1387 732 13

240 800 334 865 quern
356 781 497 862 unquam
525 774 587 839 iste
608 773 687 838 ordo
709 775 880 857 patronum
903 771 1092 855 adoptavit?
1125 769 1161 835 Si
1183 792 1386 854 quemquam

240 880 351 947 debuit
365 901 426 944 me.
457 876 521 942 Zur
532 875 781 960 Erleichterung
795 873 850 938 des
862 872 1126 939 Verstbudnisses
1141 871 1221 935 vird
1234 872 1387 936 auweilen

241 981 340 1047 durch
366 982 440 1046 item
467 977 525 1042 auf
549 976 605 1040 das
634 975 892 1062 voraufgehende
914 975 1065 1046 Prfflicat
1090 975 1388 1058 zurilchgewiesen:

242 1106 273 1167 p.
296 1082 411 1148 Flacco
432 1083 454 1145 5
475 1080 569 1144 timet
591 1117 629 1126 —
653 1100 731 1142 nurn
753 1077 826 1141 illos
847 1078 924 1157 11911
947 1077 1086 1164 (timere)
1108 1075 1252 1159 putatis?
1298 1075 1389 1160 Noch

242 1183 419 1248 deutlicher
444 1181 545 1247 durch
572 1183 661 1246 crede
688 1183 778 1245 119911
800 1180 854 1242 fin.
876 1179 907 1261 2,
928 1180 961 1256 5,
986 1179 1026 1242 16
1052 1179 1085 1242 11
1109 1199 1172 1261 quo
1194 1199 1284 1242 nune
1305 1177 1391 1261 equi·

243 1285 315 1348 dem
342 1305 428 1363 sum,
457 1284 551 1348 credo
578 1285 656 1348 item
685 1303 741 1347 vos
770 1281 880 1367 (esse).
927 1279 1065 1361 119912,
1089 1281 1106 1343 7
1136 1279 1245 1362 itaque
1273 1301 1315 1343 ex
1341 1301 1390 1343 me

243 1388 416 1470 quaerunt,
451 1384 543 1450 credo
576 1406 616 1448 ex
644 1382 705 1447 hoc
731 1384 809 1446 item
836 1380 988 1446 Scaevola
1020 1381 1186 1465 (quaerere
1218 1380 1389 1467 homines).

244 1485 335 1550 Beim
358 1486 572 1551 historischen
594 1484 755 1549 Infinitiv:
781 1483 858 1549 Sall.
881 1482 951 1548 Cat.
975 1483 1015 1547 27
1037 1483 1106 1566 ipse
1128 1499 1200 1547 curn
1222 1483 1289 1546 telo
1310 1503 1389 1563 esse,

246 1588 322 1651 11911
346 1587 426 1651 alios
448 1587 556 1651 iubere
578 1585 639 1671 (sc.
663 1608 735 1650 curn
756 1584 821 1649 telo
844 1585 937 1668 esse).

328 1690 360 1769 β.
389 1687 636 1752 Gewiibnlieher
675 1688 725 1752 hei
763 1686 1078 1752 subordinirtem
1111 1683 1390 1750 Satzverhiiltniss.

244 1787 566 1879 8911911119191911
597 1789 683 1853 daun
706 1789 757 1853 die
779 1786 1063 1872 infinitis-Ellipse
1084 1787 1128 1849 im
1150 1785 1391 1871 Hauptsatne:

246 1888 313 1954 Cic.
335 1889 412 1958 fam.
437 1891 486 1973 11,
507 1892 559 1971 21,
582 1892 603 1955 3
625 1890 709 1974 quod
732 1894 838 1954 autem
860 1889 984 1971 scribis,
1008 1893 1058 1972 te,
1080 1887 1163 1973 quod
1187 1909 1245 1971 pro
1267 1893 1301 1952 te
1323 1889 1392 1972 ipso

245 2012 312 2055 non
340 1990 457 2073 facias,
491 1991 524 2055 id
550 2014 609 2076 pro
642 2012 694 2055 me
724 1993 782 2077 (sc.
804 1991 924 2072 faeere)
954 1995 1009 2060 911.
1057 1991 1140 2056 Plin.
1170 2011 1221 2074 ep.
1246 1991 1277 2073 3,
1303 1991 1394 2073 10‚4

247 2113 355 2157 verum
384 2090 557 2158 haesitanti
584 2093 662 2157 mihi
693 2093 802 2156 omnia
830 2115 912 2177 quae
940 2093 1004 2157 iem
1031 2093 1193 2176 composui
1221 2093 1315 2156 vobis
1343 2114 1394 2156 ex·

249 2195 392 2262 biberem
408 2217 450 2260 an
465 2194 568 2259 adhuc
584 2195 693 2280 aliqua
707 2194 877 2275 differrem,
902 2193 1079 2278 simplicius
1094 2198 1127 2258 91
1140 2194 1275 2258 amicius
1292 2195 1394 2258 visum

249 2300 299 2361 est
327 2296 436 2363 omnia
458 2295 653 2380 (exhibere).
690 2295 823 2371 Quintil.
846 2297 876 2379 8,
898 2298 928 2379 3,
951 2296 993 2360 26
1014 2302 1183 2360 aerumnas
1210 2295 1287 2379 quid
1317 2317 1395 2380 opus

249 2402 299 2462 991
320 2398 478 2485 (dicere)?
513 2401 677 2480 tamquam
699 2419 813 2481 parum
835 2398 886 2479 sit,
910 2391 1084 2463 sidicatur
1106 2398 1206 2464 labor.
1234 2436 1273 2444 -
1297 2396 1397 2462 Sonat

239 2499 331 2566 'fehlt
362 2500 419 2565 der
446 2499 589 2564 Infinitiv
621 2501 667 2564 im
694 2499 923 2564 Nebensatze
955 2500 1019 2563 und
1051 2499 1206 2563 mitihm
1240 2499 1396 2563 zuweileu

249 2601 306 2666 das
328 2599 567 2667 Demonstratir
589 2602 637 2666 als
660 2601 803 2685 Subjeet:
834 2600 899 2666 Cic.
922 2599 1014 2665 Verr.
1037 2599 1080 2683 ΙΙ,
1105 2604 1132 2680 1,
1154 2601 1197 2664 39
1221 2601 1277 2685 qui
1301 2623 1397 2685 quae·

251 2705 373 2768 sturam
388 2703 434 2770 ita
449 2704 610 2786 gessisset,
633 2724 727 2787 quem
744 2703 783 2767 ad
800 2703 928 2768 modum
943 2703 1139 2786 cognovistis
1152 2702 1243 2788 (eum
1258 2705 1398 2786 gerere).

251 2803 319 2866 Liv.
343 2803 395 2884 43,
421 2802 460 2865 12
483 2804 569 2869 hune
590 2804 765 2869 exereitum
788 2804 894 2889 parari
917 2804 1048 2887 placuit,
1071 2807 1107 2867 ut
1126 2805 1239 2884 exiret,
1260 2826 1326 2888 qno
1348 2826 1398 2869 199

251 2906 397 2986 posceret
423 2904 513 2988 (eum
541 2905 650 2991 91119).
700 2905 796 2970 Isiu:
823 2910 961 2990 quatuor
985 2905 1130 2989 legiones
1157 2906 1255 2970 scribi
1283 2907 1398 2988 iussae,

251 3025 332 3088 quae
355 3004 381 3068 si
403 3026 466 3088 quo
481 3027 559 3089 opus
580 3010 665 3073 99991
679 3006 749 3092 (999
764 3007 879 3091 educi),
902 3008 1121 3072 educerentur.
1160 3005 1245 3070 Oder
1266 3028 1302 3071 99
1317 3007 1399 3071 reule

251 3105 307 3169 der
334 3105 439 3170 blosse
461 3106 606 3172 infinitis
627 3109 731 3172 neben
751 3114 864 3192 potest,
893 3109 982 3191 99191,
1004 3109 1103 3191 debet,
1133 3109 1240 3186 991191,
1263 3110 1398 3190 auem,

252 3227 330 3289 9999
350 3212 409 3289 991,
432 3229 499 3275 mos
520 3215 577 3291 est,
607 3211 800 3274 commodum
821 3215 873 3275 est.
918 3208 979 3273 Die
1001 3209 1095 3273 Form
1116 3210 1174 3272 der
1196 3208 1400 3273 Nebensetze

251 3310 295 3375 ist
315 3310 540 3394 mannigfach:
568 3311 635 3376 Cic.
659 3333 691 3394 p.
714 3309 842 3385 Quinct.
878 3311 915 3374 17
945 3313 1025 3375 haee
1052 3310 1123 3392 ille,
1152 3310 1179 3373 si
1202 3310 1309 3374 verbis
1332 3332 1399 3375 uon

252 3410 363 3493 audet,
393 3432 427 3475 19
454 3410 582 3494 quidem
609 3433 685 3476 vera
711 3412 817 3495 palam
839 3412 991 3496 loquitur.
1028 3411 1084 3475 fin.
1107 3410 1138 3494 2,
1161 3411 1203 3476 35
1224 3415 1259 3475 91
1285 3434 1400 3496 quam·

252 3533 347 3595 quam
377 3510 497 3595 aliquid
524 3513 593 3595 ipse
621 3516 764 3596 poteram
795 3513 984 3598 (invenire),
1011 3516 1120 3576 tamen
1148 3512 1292 3577 invenire
1315 3514 1400 3577 malo

252 3614 430 3695 paratiores
462 3612 636 3677 familiares
671 3617 808 3679 nostros.
864 3613 959 3678 Rosc.
994 3614 1067 3678 Am.
1104 3613 1144 3676 10
1181 3608 1335 3698 denique
1352 3618 1399 3696 11,

253 3713 405 3795 quoniam
438 3714 584 3801 crimine¹
610 3735 676 3777 non
714 3718 881 3797 poterant,
919 3718 1062 3798 ternpore
1100 3715 1170 3797 ipso
1206 3736 1333 3799 pugnar
1375 3719 1399 3784 1.

254 3811 347 3877 Verr.
370 3813 413 3894 ΙΙ,
445 3815 473 3898 1,
497 3815 520 3878 4
547 3814 631 3898 quod
660 3814 783 3898 aliquot
809 3816 994 3880 nominibus
1023 3816 1062 3881 de
1095 3817 1215 3900 eapite,
1246 3821 1400 3902 quantum

254 3914 454 3980 commodum
476 3914 589 3997 fuerit,
617 3915 771 3981 frumenti
799 3917 965 3982 decumani
993 3917 1176 3982 detraxerit.
1221 3939 1254 3982 n.
1277 3918 1306 3983 d.
1332 3922 1360 4002 1,
1382 3919 1402 3983 3

255 4036 327 4079 cum
349 4017 480 4081 minime
502 4015 697 4097 videbamur,
719 4021 788 4083 tum
803 4020 940 4084 maxime
962 4018 1277 4103 philosophabamnr.
1314 4018 1401 4083 Brut.

253 4115 456 4201 93919119,
485 4118 664 4202 siquando
692 4140 772 4203 opus
794 4124 892 4203 esset,
922 4121 963 4184 ab
992 4120 1105 4184 inferis
1133 4119 1402 4204 locupletissimos

255 4219 353 4283 199199
381 4220 547 4284 exemeret.
592 4218 685 4285 Sall.
708 4219 783 4306 Jug.
808 4224 847 4286 71
877 4221 1007 4304 deinde,
1036 4224 1071 4286 ut
1099 4242 1232 4305 aegrum
1260 4221 1401 4284 animum

254 4319 347 4400 99191,
371 4341 503 4385 somnus
526 4320 620 4402 cepit.
663 4319 794 4405 Nepos
817 4324 885 4387 Att.
911 4324 959 4406 13,
982 4320 1401 4405 21199911111199111111·

254 4419 348 4500 tavit,
371 4420 434 4484 nisi
457 4420 576 4503 siquid
598 4424 758 4487 vetustate
781 4423 1176 4489 9999119991-091911
1199 4421 1403 4506 ergiinzende
