2948 5048
601 338 826 403 -187-

116 492 255 577 campi,
289 513 375 576 quos
399 491 524 556 incolae
551 490 815 575 Mesopotamiam
843 491 1017 575 appellant.
1068 490 1167 555 Seu..
1181 494 1282 554 const.

123 595 185 676 16,
211 595 233 659 3
261 596 295 658 11
322 592 399 677 quid
421 596 470 658 est
491 592 586 672 illud,
614 592 698 678 quod
726 592 1073 658 coutumelia‘dicitur.
1114 614 1163 676 ep.
1187 593 1239 672 67,
1263 593 1283 656 8

120 695 213 761 illud
236 698 313 779 opto
335 695 476 775 fortiter,
500 695 583 778 quod
607 699 656 759 est
677 695 788 759 virtus.
825 717 858 757 n.
881 717 911 779 q.
933 696 965 775 5,
988 694 1018 776 2,
1043 695 1059 757 l
1084 694 1282 778 corpuscula,

120 819 216 883 quae
239 796 292 860 ille
315 797 441 861 atomos
463 800 566 862 vocat.
603 796 703 861 Plin.
725 819 757 860 n.
778 796 809 861 h.
833 797 862 878 9,
880 794 1033 885 19111111
1056 795 1181 876 marini,
1204 815 1288 880 quos

124 902 254 965 vocant
269 897 400 983 phocas.
437 897 723 967 saecularem
745 901 872 962 exortus
888 897 1021 962 crinitae
1044 896 1165 980 stellae,
1188 918 1284 981 quam

128 1003 285 1068 cometen
314 1002 441 1067 vocant.
487 999 582 1083 Nep.
617 1001 648 1081 4,
672 1000 746 1081 3,6
777 1020 880 1084 genus
913 998 1072 1083 quoddam
1108 998 1283 1079 homiuum,

128 1102 223 1188 quod
251 1101 387 1166 Helotae
425 1104 565 1169 vocetur.
614 1101 663 1180 18,
686 1101 759 1182 5,3
792 1100 957 1166 castollum
991 1099 1166 1186 Phrygiae,
1200 1099 1283 1183 quod

129 1204 228 1269 Nora
249 1202 438 1287 appellatur.
463 1241 501 1250 -
525 1201 678 1281 (11112,
701 1202 740 1266 21
764 1202 881 1282 sidere,
911 1203 995 1287 quod
1018 1202 1133 1267 Graeci
1156 1198 1285 1284 ἅμαξαν

130 1311 196 1371 111.
220 1304 249 1386 3,
274 1306 322 1388 10,
344 1304 365 1368 9
387 1305 528 1388 pericula
551 1325 695 1388 —quae
718 1303 917 1368 climacteras
933 1303 1088 1369 Chaldaei
1109 1301 1283 1387 appellant.

131 1410 170 1490 4,
184 1408 249 1489 4,1
273 1405 307 1469 in
329 1427 367 1470 ca
388 1409 479 1489 parte
501 1405 624 1484 ltaliae,
648 1426 728 1488 quae
751 1405 878 1470 Latium
901 1406 1090 1490 appellatur.
1126 1408 1158 1487 4,
1180 1405 1284 1487 10,13

133 1507 275 1589 animal,
304 1506 388 1592 quod
411 1511 512 1572 urtica
534 1506 722 1591 appellatur.
759 1507 790 1589 6,
813 1507 844 1591 2,
869 1510 884 1571 1
914 1507 1033 1592 fatum,
1062 1507 1146 1591 quod
1169 1505 1284 1580 Graeci

135 1609 346 1694 εἱμαρμένην
368 1611 492 1673 vocant.
531 1611 600 1692 §.9
621 1610 849 1694 consequentia
865 1647 901 1657 —
920 1631 1000 1694 quae
1022 1610 1125 1674 fatum
1147 1611 1286 1676 vocatur.

135 1751 176 1760 -
195 1710 367 1797 Capitol.
384 1709 458 1774 Ver.
483 1711 641 1794 9morbo,
664 1733 758 1796 quem
781 1712 953 1795 apoplexin
976 1716 1102 1776 ‘vocant
1133 1709 1285 1793 Eutrop

135 1816 169 1896 3,
194 1815 234 1878 10
255 1813 360 1891 vicus,
382 1812 437 1896 qui
460 1811 590 1878 Cannae
612 1813 801 1897 appellatur.
839 1814 870 1896 8,
897 1814 936 1877 10
959 1834 1034 1877 casu
1055 1812 1169 1894 morbi,
1191 1833 1285 1895 quem

138 1913 254 1980 Graeci
278 1909 467 1996 α’πόπληξιν
489 1918 617 1981 vocant.
643 1952 680 1962 —
705 1914 813 1978 Lact.
836 1915 866 1993 4,
892 1916 942 1997 14,
969 1918 984 1978 1
1008 1914 1179 1998 templum,
1203 1913 1286 1996 quod
1312 1977 1313 1980 ,

138 2015 323 2101 appellatur
346 2015 487 2081 ecelesia.
526 2016 602 2100 opif.
627 2016 656 2097 8,
681 2017 721 2080 10
743 2038 854 2081 sensus
876 2016 946 2098 ille,
969 2015 1025 2099 qui
1046 2015 1164 2094 dicitur
1185 2035 1285 2078 mens.

224 2118 295 2181 Aul
315 2117 410 2180 einen
426 2116 666 2203 Verbalbegriff
676 2116 804 2183 bezieht
825 2117 892 2182 sich
909 2116 986 2181 aber
1001 2119 1084 2200 qaod
1103 2116 1155 2181 hei
1176 2114 1285 2198 Nepos

137 2221 170 2300 5,
194 2221 225 2298 3,
250 2223 266 2283 1
296 2221 452 2283 tectorum
479 2206 657 2305 suffragiis,
687 2219 770 2304 quod
792 2219 950 2304 (nhmlich
972 2221 995 2283 t.
1018 2239 1044 2282 s.
1068 2218 1210 2302 multari)
1238 2215 1286 2280 1111

142 2315 371 2404 ὀστρακισμὸν
387 2324 515 2404 vocant,
538 2322 694 2386 multatus
717 2324 775 2387 est.
813 2321 842 2404 9,
857 2322 924 2400 3‚3
946 2321 1091 2386 venerari
1113 2321 1145 2384 te
1168 2339 1286 2404 regem,

140 2422 225 2507 quod
248 2419 480 2505 προςκύνησιν
502 2423 550 2487 1111
571 2428 697 2491 vocant.

225 2526 295 2588 Aus
321 2523 417 2587 allem
445 2522 741 2609 Vorhergehenden
770 2525 851 2589 lisst
872 2525 940 2591 sich
967 2524 1060 2590 nicht
1085 2523 1204 2589 einmal
1231 2522 1287 2587 das

140 2624 358 2705 abstrahiren,
381 2623 455 2689 dass
477 2625 534 2689 das
557 2625 683 2690 Relatis
705 2627 766 2692 mit
793 2627 865 2691 dem
888 2626 1209 2712 Beziehuugsuomeu
1232 2626 1287 2690 des

140 2727 358 2812 Hauptsataes
380 2725 664 2792 dbereinstimmen
686 2734 800 2810 musae,
823 2750 917 2792 wenn
940 2729 1087 2792 letzteres
1102 2728 1162 2792 mit
1183 2728 1287 2792 einem

140 2828 384 2897 Demonstrativ
407 2827 591 2893 verbunden
614 2829 671 2911 ist,
704 2851 728 2893 s.
753 2833 853 2894 uuteu
876 2853 924 2895 nr.
948 2832 975 2899 1.
1020 2829 1084 2895 For
1105 2829 1179 2895 sehr
1204 2829 1286 2893 viele

140 2930 229 2996 111111
251 2932 342 3014 passt
362 2928 447 2994 wohl
469 2929 520 2994 die
541 2951 605 2994 von
622 2929 778 3016 Madvig
802 2932 959 3016 (Gramm.
974 2936 1004 3014 ξ.
1021 2933 1099 3016 316)
1122 2932 1288 3017 gegebene

141 3031 253 3118 [teget
276 3030 348 3095 dass
366 3030 444 3114 jeue
467 3031 659 3116 Congruena
681 3032 856 3117 stettfiude,
881 3055 974 3098 wenc
997 3034 1053 3098 der
1071 3031 1287 3117 Beaiehungs·

141 3133 262 3217 begriff
286 3132 341 3197 des
363 3131 580 3216 Hauptsataes
603 3137 668 3198 erst
689 3134 789 3199 durch
817 3136 878 3200 den
901 3134 1097 3200 Relativsata
1123 3134 1289 3198 bestimmt

140 3235 256 3301 werde.
300 3234 384 3300 Dass
407 3234 483 3298 aher
504 3233 572 3300 dies
594 3235 687 3300 nicht
708 3236 822 3300 immor
843 3236 982 3318 zutreffe,
1005 3235 1086 3300 auch
1109 3235 1159 3299 hei
1176 3234 1287 3300 Cicero

139 3338 252 3417 nieht,
281 3336 420 3401 erkeunt
441 3334 573 3422 Madvig
605 3337 706 3402 selbst
733 3359 784 3407 au.
834 3337 879 3402 llls
913 3338 1036 3402 kommt
1067 3337 1208 3401 nilmlich
1240 3336 1289 3401 oft

140 3461 212 3519 vor,
237 3439 313 3503 dass

226 3541 258 3605 b.
289 3540 344 3605 das
366 3538 495 3607 Relativ
527 3540 588 3605 mit
618 3540 691 3606 dem
718 3540 1079 3607 Pridieatsnomen
1113 3540 1287 3624 congruirt.

142 3643 210 3711 Cic.
237 3642 323 3728 legg.
353 3644 382 3725 1,
406 3643 424 3705 'l
453 3641 721 3708 1111111111-
749 3665 843 3727 quem
872 3664 1019 3709 vocamus
1046 3642 1220 3708 hominem.
1256 3665 1287 3726 p.

142 3743 289 3809 8111.42
316 3742 539 3808 conventicula
567 3744 750 3827 hominum,
777 3767 858 3829 quae
881 3748 993 3830 postea
1020 3744 1164 3832 civitates
1187 3744 1288 3808 nomi-

142 3849 237 3910 natae
267 3848 357 3926 sunt,
391 3848 460 3909 tum
493 3843 653 3911 domicilia
685 3846 871 3931 coniuncta,
905 3868 983 3930 quas
1015 3847 1110 3912 urbes
1143 3845 1287 3910 dicimus.

143 3947 185 4012 45
211 3950 247 4010 ut
274 3948 301 4010 ii
322 3945 406 4027 sint,
435 3967 530 4029 quam
552 3950 587 4012 tu
614 3947 779 4012 nationem
807 3948 986 4032 appellasti.
1043 3946 1132 4013 Brut.
1155 3947 1198 4011 33
1220 3968 1289 4033 per·

143 4048 262 4128 oratic,
286 4047 342 4131 qui
364 4046 510 4132 epilogus
533 4048 657 4114 dieitur.
701 4049 795 4115 Verr.
818 4050 1044 4133 5,55111111
1070 4051 1123 4116 ille
1145 4087 1184 4097 -
1208 4068 1289 4132 quae

146 4148 331 4214 Lautumias
358 4153 524 4218 vocantur.
568 4151 622 4216 fin.
649 4154 677 4234 1,
703 4151 853 4218 18111111
881 4152 1044 4235 umbram,
1074 4151 1159 4236 quod
1182 4150 1289 4234 appel-

147 4249 211 4317 lant
242 4251 427 4318 honestum.
475 4252 550 4318 fam.
583 4254 632 4333 13,
658 4256 673 4317 1
705 4253 865 4320 decretum
897 4255 980 4320 allud
1011 4252 1290 4338 Areopagitarum,

148 4372 235 4434 quem
260 4348 564 4438 ὑπομνηματισμόν
587 4354 635 4418 1111
658 4358 783 4424 vocant.
807 4377 873 4440 rep.
899 4358 926 4439 l,
954 4358 1000 4436 13,
1021 4356 1060 4421 19
1082 4354 1218 4425 mundus
1240 4354 1291 4419 1111

150 4456 242 4540 totus,
272 4454 360 4541 quod
388 4454 583 4520 domicilium
611 4478 768 4542 quamque
795 4458 932 4541 patriam
959 4456 1004 4523 dii
1031 4458 1124 4524 nobis
1151 4477 1289 4523 eommu-
