3082 5064
750 315 980 382 -384*

298 540 301 548 ,
328 515 330 532 1
378 470 497 538 Ponere
525 475 593 559 „als
622 476 721 536 etwas
749 471 947 536 hinstellen“
976 493 1038 535 nur
1064 470 1115 535 bei
1138 468 1268 555 Nepos:
1291 468 1344 551 23,
1366 468 1426 550 2,6

289 576 315 639 si
339 598 403 639 non
426 598 475 638 me
498 575 532 639 in
555 596 592 639 eo
614 574 792 660 prinoipem
815 574 969 658 posueris.
1018 571 1215 637 Passivisoh:
1240 595 1287 657 pr.
1313 574 1344 636 5.
1362 574 1388 657 7,
1400 573 1427 655 3,

289 679 310 742 5
334 700 363 741 u.
388 679 443 759 11,
467 678 496 740 6.

374 777 496 862 Hsufig
534 778 578 842 ist
609 778 664 842 der
704 776 902 862 priidioative
935 776 1108 865 Aoousaliv
1141 779 1350 860 praeeipitem
1381 777 1433 839 mil

290 881 393 943 einem
415 878 503 942 Verb
525 878 581 943 der
604 880 791 965 Bewegung
819 883 900 957 stall
915 881 1141 962 praecipitare.
1193 878 1237 943 So
1268 867 1433 943 sntstehen

290 982 341 1046 (115
356 981 515 1045 Phrasen:
531 982 740 1065 praeeipitem
755 1002 859 1066 agore,
876 981 959 1059 dare,
977 981 1124 1062 deiicere,
1140 981 1255 1063 iacere,
1272 981 1434 1064 proiieere,

291 1085 434 1166 mittere,
458 1082 636 1165 deturbare,
659 1082 864 1166 perturbare,
887 1081 1016 1167 rapere,
1040 1081 1187 1165 trahere,
1211 1103 1340 1166 urgere.

375 1187 405 1249 3.
439 1185 526 1248 State
557 1183 611 1247 dos
646 1184 865 1268 priidioaiivsn
900 1185 1088 1250 Aoousahivs
1121 1184 1231 1248 finden
1266 1183 1337 1248 sioh
1373 1206 1435 1247 nun

294 1285 441 1371 folgendo
465 1284 735 1370 Verbindungen:

376 1388 408 1467 a)
430 1387 490 1451 mit
518 1387 575 1451 der
601 1386 804 1471 Praposilion
832 1409 895 1470 pro
922 1388 974 1453 boi
1001 1388 1064 1451 den
1090 1387 1206 1451 Verbis
1235 1389 1312 1471 „ffir
1343 1391 1438 1452 etwas

291 1489 410 1568 hellen,
434 1488 658 1553 versichern“:
680 1489 794 1553 leobere
815 1490 925 1573 (meist
947 1491 990 1553 im
1012 1489 1146 1570 Passio),
1165 1495 1296 1573 palare,
1322 1492 1436 1567 clarore,

290 1592 425 1670 medere,
443 1591 599 1672 probare,
627 1591 787 1673 polliceri,
817 1590 903 1655 donn
931 1591 1011 1656 auch
1042 1592 1226 1675 offirmare,
1248 1612 1383 1673 ponere,
1409 1611 1439 1654 se

290 1714 405 1775 oerore,
429 1712 537 1774 oyem
560 1692 603 1755 im
619 1691 801 1775 Spstlatein
818 1699 999 1774 componore
1019 1693 1085 1757 und
1101 1694 1259 1776 profiteri.
1276 1730 1316 1739 —
1334 1691 1439 1757 Sohon

291 1793 422 1857 Plautus
438 1797 525 1878 sagi:
548 1815 606 1877 pro
622 1793 734 1875 nihilo,
751 1815 811 1876 pro
828 1798 915 1858 certo
930 1794 1057 1860 habere.
1097 1795 1161 1859 Cio.
1179 1794 1242 1857 div.
1258 1795 1294 1858 in
1310 1797 1403 1860 Gneo.
1422 1796 1438 1858 7

290 1917 348 1979 pro
371 1894 474 1959 nihilo
505 1900 628 1979 putare.
673 1894 828 1959 Dasselbo
850 1895 933 1960 Phil.
960 1898 1013 1979 10,
1035 1897 1065 1960 3.
1110 1895 1198 1960 Lael.
1222 1896 1275 1960 23.
1320 1895 1440 1960 Ferner

290 2020 321 2080 p.
352 1996 438 2061 Tull.
462 1998 502 2060 37
532 2018 590 2081 pro
626 2017 778 2061 concesso
804 2001 944 2080 putetur,
988 1999 1021 2061 in
1050 1997 1165 2062 Caecil.
1192 1999 1232 2061 15
1258 2019 1319 2081 pro
1352 2001 1439 2062 cerlo

293 2100 440 2163 creditur.
485 2099 547 2183 lag.
571 2120 638 2182 agr.
654 2099 684 2182 2,
700 2100 740 2163 37
761 2120 819 2183 pro
842 2103 929 2163 oerio
946 2099 1111 2183 polliceor.
1156 2098 1252 2163 Verr.
1275 2101 1440 2183 2,16ρῐο

291 2199 393 2264 nihilo
417 2200 542 2264 ducere.
589 2200 743 2264 Dasselbe
764 2201 816 2265 off.
839 2202 877 2282 3,
900 2203 932 2265 5.
977 2201 1063 2266 acad.
1086 2223 1135 2285 pr.
1157 2201 1188 2284 2,
1210 2202 1254 2264 44
1276 2223 1335 2284 pro
1358 2203 1440 2264 veris

293 2303 437 2387 probare.
482 2324 515 2384 p.
539 2301 637 2365 Aroh.
659 2303 689 2384 5,
715 2304 750 2365 ll
775 2324 809 2366 se
829 2305 958 2385 yossisse
978 2325 1037 2387 pro
1060 2304 1139 2370 cive.
1183 2302 1259 2367 Sall.
1284 2303 1356 2367 cat.
1372 2303 1440 2384 3,·2

295 2426 352 2488 pro
374 2403 465 2467 falsis
485 2402 584 2466 ducit.
629 2402 807 2467 Passivisoh
826 2405 875 2487 12,
893 2409 910 2467 'l
934 2406 1118 2470 innocentia
1139 2425 1198 2489 pro
1213 2404 1440 2470 malevolentia

292 2506 364 2570 dnoi
393 2504 509 2588 eoepit.
538 2541 575 2551 —
599 2503 669 2569 Liv.
694 2504 724 2586 6,
748 2505 768 2568 6
790 2526 848 2589 pro
878 2510 965 2570 cerlo
993 2506 1120 2571 habero.
1168 2511 1196 2588 1,
1218 2507 1239 2570 3
1262 2528 1321 2590 pro
1353 2511 1440 2570 certo

293 2608 460 2671 affirmare.
491 2606 544 2688 23,
567 2605 664 2670 6155
679 2628 798 2690 ponera
813 2629 872 2690 pro
889 2611 1060 2672 cariosum
1083 2609 1213 2672 verilos.
1251 2608 1304 2690 23,
1326 2608 1369 2672 22
1383 2630 1440 2691 pro

291 2731 356 2773 non
374 2708 459 2772 dioto
475 2706 658 2771 habendum
680 2712 738 2772 osi.
785 2707 1042 2794 Ungewlihnlioh
1064 2712 1130 2774 und
1152 2709 1308 2773 silbernes
1325 2709 1438 2774 Latein

290 2813 348 2874 isi:
378 2809 466 2874 Suet.
497 2807 607 2875 Claud.
634 2809 677 2873 25
705 2810 759 2893 qui
788 2833 901 2895 septo
931 2813 1091 2896 equilibus
1114 2811 1269 2876 Romanis
1303 2817 1438 2895 5951551.

291 2910 449 2996 Dagegen
471 2911 531 2972 mit
554 2905 666 2978 hocas.
690 2934 738 2995 op.
754 2913 797 2976 29
819 2934 885 2977 non
909 2914 1086 2998 prinoipem
1109 2936 1153 2996 se,
1175 2912 1233 2977 sod
1255 2914 1438 2978 ministrnm

293 3012 361 3097 egil
385 3017 423 3090 (s.
445 3011 527 3075 oben
543 3011 601 3076 Nr.
620 3013 664 3096 1).
709 3013 870 3096 lamprid.
886 3014 957 3082 Hel.
976 3018 1010 3079 11
1029 3016 1177 3080 ruborem
1200 3037 1259 3098 pro
1282 3037 1437 3080 consensu

291 3117 420 3181 ducens.
473 3113 560 3180 Lact.
582 3114 619 3196 2,
642 3115 678 3197 8,
701 3116 745 3178 49
767 3137 826 3199 pro
854 3117 1003 3180 confesso
1032 3121 1065 3181 51
1090 3116 1275 3181 indubitale
1311 3116 1438 3186 habere.

290 3218 322 3299 3,
345 3218 376 3299 3,
402 3217 440 3279 16
473 3237 531 3298 pro
571 3216 710 3279 stultitia
743 3223 930 3300 compulere.
980 3219 1012 3301 6,
1034 3219 1087 3301 20,
1112 3218 1151 3282 10
1182 3239 1240 3302 pro
1274 3219 1438 3303 voluptate

292 3321 487 3401 computare.
533 3316 581 3381 ira
603 3317 663 3381 Dei
682 3320 709 3398 1,
726 3320 744 3382 7
761 3340 818 3403 pro
841 3342 964 3383 summa
979 3320 1298 3404 doetrina'profilm'.
1346 3321 1437 3385 Anah

292 3419 454 3482 Arnobins
490 3422 580 3503 sagi:
622 3440 679 3502 pro
713 3420 844 3485 ludicris
881 3426 1074 3505 computare.
1110 3458 1150 3468 —
1183 3421 1242 3486 Bei
1278 3423 1437 3487 manahen

291 3519 547 3586 Schriftstellern
569 3521 612 3584 ise
629 3520 747 3603 jedooh
770 3522 820 3587 die
836 3523 1067 3588 Construction
1090 3523 1151 3587 mit
1162 3544 1222 3604 pro
1238 3524 1313 3587 sehr
1327 3525 1437 3588 salton.

290 3623 359 3687 Ans
389 3622 507 3688 Caesar
536 3643 561 3689 z.
589 3621 626 3685 B.
652 3622 735 3686 habe
767 3624 821 3688 ioh
855 3647 916 3688 nur
947 3625 1063 3689 notirl:
1093 3625 1123 3688 1.
1147 3647 1178 3709 g.
1201 3625 1232 3705 6,
1252 3628 1273 3690 5
1295 3647 1354 3710 pro
1388 3648 1437 3690 ox·

291 3726 417 3808 ploralo
439 3723 590 3788 habebat.
636 3725 672 3803 7,
694 3725 715 3788 5
737 3746 803 3788 non
825 3726 951 3791 videtur
972 3749 1030 3810 pro
1054 3731 1141 3791 certo
1163 3748 1232 3791 esso
1255 3750 1436 3812 proponen-

291 3827 377 3890 dum.
424 3824 481 3889 Bei
513 3825 643 3890 Tacitus
673 3826 729 3891 hat
757 3827 807 3891 die
835 3827 1039 3912 Priiposilion
1067 3851 1109 3892 an
1138 3829 1199 3893 den
1226 3828 1355 3894 hierher
1383 3851 1436 3914 ge·

291 3928 455 3992 11151151
488 3928 612 3992 8151151
646 3929 760 3993 immer
788 3929 838 3993 dio
865 3929 1058 4015 Bedeulung
1085 3928 1141 3993 der
1168 3929 1439 4016 Stellverhretnng

291 4028 367 4094 oder
382 4029 668 4114 Vorweehselung,
692 4030 751 4094 wie
767 4054 793 4095 z.
811 4030 849 4096 Β.
868 4035 944 4116 Agr.
960 4032 1002 4096 28
1023 4053 1079 4116 pro
1094 4032 1309 4115 praedonibus
1325 4033 1436 4098 habiti.

293 4131 432 4196 Freilioh
457 4131 537 4216 liegt
559 4132 645 4197 diosa
667 4133 860 4218 Bedoulung
888 4134 1069 4217 iiberhaupt
1095 4134 1166 4196 dem
1190 4133 1438 4216 1115115151-

292 4231 397 4297 delten
423 4233 593 4299 Gebrauoh
616 4256 677 4299 von
695 4257 758 4317 pro
780 4259 818 4299 zu
842 4236 981 4304 Grande.

376 4336 411 4423 b)
434 4336 494 4400 mit
515 4339 550 4401 in
572 4336 638 4399 und
660 4337 731 4401 dom
757 4338 888 4401 Ablativ
910 4339 997 4403 einos
1020 4337 1163 4402 Plurals:
1192 4336 1260 4403 cie.
1286 4338 1377 4408 Brut.
1399 4339 1438 4404 86

292 4437 470 4503 Carbonem
493 4440 526 4503 in
549 4439 681 4502 summis
703 4440 882 4504 oratoribus
911 4440 1055 4505 habitum
1079 4440 1152 4507 scio.
1198 4441 1254 4505 lin.
1278 4443 1308 4522 3,
1332 4443 1353 4507 3
1378 4443 1434 4507 vir·
