2948 5048
578 272 808 335 ..220-

125 426 191 490 und
219 424 409 510 umgekchrt
434 425 478 488 ist
504 424 578 487 sehr
608 424 725 488 selten:
756 422 822 488 Cio.
851 423 936 489 Lael.
967 426 997 510 7,
1021 426 1063 490 24
1092 427 1133 492 ab
1162 426 1218 508 iis,
1246 425 1270 490 si

103 513 294 611 ridebitur,
317 528 370 610 qui
393 528 457 592 ista
472 528 647 613 disputant,
671 525 859 609 quaeritote.
903 525 970 591 Nos
986 550 1061 592 vero
1084 550 1104 591 a
1118 531 1151 592 te
1166 527 1271 611 potius

125 628 327 714 (quaeremus
349 629 398 698 od.
420 631 627 714 quaerimus).
674 625 887 713 Umgekebrt:
915 628 998 693 Phil.
1021 630 1052 712 2,
1075 631 1118 694 46
1140 630 1270 713 respice,

125 745 255 813 quaeso,
284 730 455 815 aliquando
477 751 594 813 remp,
621 728 665 792 M.
691 729 969 813 Antoni;·quibus
997 733 1088 795 ortus
1116 731 1178 811 sis,
1208 752 1270 794 non

124 831 312 915 quibuscum
334 832 433 915 vivas,
456 832 637 897 considera:
660 851 783 894 mecum
806 831 904 915 (vive)
928 834 965 896 ut
987 831 1083 912 voles,
1108 853 1182 896 eum
1203 853 1270 915 rep.

125 931 191 995 redi
213 932 246 995 in
268 934 415 1017 gratiam.
952 926 953 929 ¹

210 1033 241 1098 b.
269 1034 359 1098 Auch
381 1034 432 1098 die
449 1033 645 1119 Ergtnaung
660 1034 748 1097 eines
764 1031 985 1117 Hauptmodus
1008 1056 1065 1098 aus
1085 1034 1159 1098 dem
1177 1035 1270 1100 Par·

125 1134 225 1221 tioip
249 1134 466 1218 (gewbhnlich
481 1135 674 1216 Praesentis)
698 1135 762 1199 und
784 1134 977 1220 umgekebrt
997 1136 1041 1200 ist
1060 1136 1270 1201 verhiiltniss·

125 1236 247 1319 massig
268 1236 384 1301 selten:
407 1237 461 1300 fin.
484 1238 515 1316 4,
531 1237 562 1318 3,
585 1238 605 1301 6
627 1235 741 1301 deinde
763 1259 801 1301 ea
822 1257 903 1320 quae
924 1237 1132 1320 requirebant
1154 1238 1270 1302 oratio

124 1358 198 1400 uem
219 1342 365 1402 ornatam
387 1343 420 1402 et
441 1359 586 1423 gravem,
617 1360 712 1422 quam
734 1338 905 1422 magnifice
932 1343 1010 1402 sunt
1031 1338 1119 1403 dicta
1141 1339 1185 1403 ab
1207 1339 1270 1403 illis

130 1476 163 1485 -
188 1460 275 1503 more
297 1440 464 1504 hominum
485 1461 552 1504 non
575 1440 684 1526 spinas
707 1439 907 1522 vellentium,
936 1442 972 1503 ut
994 1437 1095 1504 Stoici
1118 1439 1270 1525 (vellunt)

124 1561 182 1604 uec
219 1562 292 1605 ossa
323 1541 522 1605 undantium.
567 1541 629 1605 div.
663 1543 688 1624 1,
713 1542 762 1619 18,
784 1541 827 1605 34
854 1539 937 1624 quod
970 1544 1003 1604 et
1035 1541 1271 1605 somniantibus

123 1663 216 1725 saepe
245 1642 404 1726 contingit
431 1646 464 1706 et
495 1663 726 1727 nonnunquam
754 1641 1004 1706 vaticinantibus
1031 1663 1089 1726 per
1117 1642 1269 1725 furorem,

123 1746 160 1807 ut
181 1742 275 1808 Bacis
298 1743 466 1823 Boeotius,
490 1747 526 1809 ut
548 1743 754 1827 Epimenides
776 1780 817 1790 -
840 1743 912 1826 (per
933 1743 1072 1807 furorem
1102 1744 1269 1808 vaticinati

122 1845 222 1931 sunt).
260 1846 312 1910 off.
338 1847 432 1929 1,31,
453 1848 508 1909 111
533 1866 583 1922 ne,
606 1849 641 1909 ut
655 1844 783 1929 quidam
799 1845 1002 1930 (inculcant),
1027 1844 1150 1908 Graeca
1173 1846 1269 1910 rerba

122 1946 318 2012 inculcantes
346 1948 414 2011 iure
443 1947 562 2030 optimo
589 1945 786 2015 irrideamur.
831 1947 860 2025 2,
889 1947 937 2029 15,
960 1947 1003 2010 54
1029 1945 1091 2010 hos
1119 1946 1176 2010 ille
1203 1947 1268 2011 filio

123 2049 329 2133 (praecepit),
358 2048 413 2113 sed
436 2050 640 2132 praeceptum
662 2051 810 2132 putemus
838 2047 996 2112 omnibus.
1024 2084 1058 2094 —
1086 2046 1156 2115 Val.
1182 2048 1268 2112 Max.

121 2150 152 2228 4,
174 2150 207 2232 3,
230 2153 252 2215 5
278 2150 336 2215 M:
365 2154 472 2214 autem
502 2148 617 2214 Ourios
644 2147 838 2214 Samnitium
872 2149 988 2233 legatis
1017 2149 1137 2232 agresti
1171 2171 1205 2213 se
1234 2150 1268 2214 in

122 2272 250 2315 scamno
266 2251 463 2316 adsidentem
478 2251 550 2315 foco
567 2236 645 2335 eque
666 2251 774 2335 ligneo
790 2249 900 2316 catillo
915 2254 1084 2314 cenantem
1104 2287 1138 2298 -
1158 2252 1267 2336 quales

123 2352 232 2436 epulas
256 2353 443 2438 (secaverit)
472 2355 646 2438 apparatus
668 2351 787 2417 indicio
810 2355 860 2416 est
883 2389 920 2398 -
944 2351 1156 2435 spectandum
1180 2374 1269 2434 prae·

123 2454 201 2519 buit.
246 2452 332 2519 Suet.
356 2454 446 2519 Caes.
470 2455 510 2518 37
534 2454 670 2520 Pontico
692 2453 855 2539 triumpho
879 2453 967 2516 inter
984 2474 1119 2537 pompae
1146 2453 1269 2517 fercula

122 2556 218 2619 trium
241 2555 404 2619 verborum
421 2554 573 2639 praetulit
588 2555 715 2619 titulum
738 2557 817 2638 veni,
840 2556 914 2637 vidi,
937 2557 999 2619 11111
1020 2574 1087 2617 non
1104 2556 1178 2618 aeta
1193 2555 1269 2619 belli

121 2656 367 2741 significantem,
391 2656 475 2719 sicut
489 2657 586 2719 ceteri
602 2656 864 2740 (significarunt),
886 2655 940 2720 sed
968 2654 1113 2720 celeriter
1128 2655 1268 2720 confecti

122 2762 241 2824 notam.
285 2757 360 2821 Tac.
383 2778 457 2824 ann.
483 2757 531 2837 12,
555 2757 572 2820 7
603 2757 740 2823 feminae
768 2756 982 2823 oboediebant
1003 2778 1066 2820 non
1091 2778 1149 2840 per
1176 2757 1269 2821 lasci-

122 2858 222 2940 viam,
253 2861 289 2922 ut
316 2857 489 2922 Messalina
517 2858 704 2943 (illuserat),
734 2859 829 2922 rebus
857 2856 1011 2921 Romanis
1038 2856 1198 2923 illudenti.
1227 2896 1269 2908 -

122 2959 183 3024 Die
211 2958 346 3040 Stellen,
382 2981 431 3024 wo
465 2959 656 3044 umgekebrt
688 2960 740 3024 ein
769 2959 920 3042 Particip
938 2959 993 3023 des
1024 2958 1181 3023 Praesens
1210 2982 1268 3024 aus

121 3061 226 3126 ciuem
248 3060 471 3145 Hauptmodus
499 3084 537 3126 zu
565 3065 723 3146 ergiinzeu
752 3061 809 3142 ist,
840 3060 910 3124 siud
942 3059 1167 3125 bedenlrlicber
1191 3063 1267 3126 Art:

122 3162 188 3228 oie.
210 3165 292 3227 orat.
312 3163 359 3242 10,
375 3163 417 3227 34
440 3184 516 3248 ergo
537 3162 684 3227 omnibus
706 3163 801 3226 terris
823 3161 882 3246 (sc.
898 3161 1048 3226 incendio
1065 3161 1267 3242 ardentibus)

121 3287 186 3329 una
213 3264 319 3329 Gallia
346 3264 507 3329 communi
535 3284 602 3327 non
624 3262 714 3327 ardet
740 3263 897 3328 incendio.
948 3246 1043 3327 Diese
1070 3261 1196 3347 Ellipse
1225 3265 1268 3328 ist

120 3366 196 3430 aber
232 3388 267 3430 so
304 3366 473 3447 unerhbrt,
511 3364 585 3429 dass
618 3364 739 3428 Piderit
778 3366 837 3429 mit
869 3363 972 3429 Reobt
1007 3363 1057 3427 die
1091 3363 1268 3448 Conjeetur

121 3467 274 3531 Lambina
301 3469 353 3552 (ex
376 3489 431 3530 vor
458 3467 620 3551 omnibus)
647 3465 896 3550 aufgenommen
919 3464 985 3529 bat.
1030 3464 1115 3532 Flor.
1138 3466 1169 3548 2,
1194 3466 1224 3548 7,
1247 3468 1267 3530 8

120 3569 254 3633 aderant
275 3568 408 3648 Rhodii,
437 3568 584 3632 nauticus
611 3567 762 3651 populus,
792 3567 906 3651 quibus
928 3566 1048 3630 amari
1071 3566 1132 3652 (sc.
1156 3568 1269 3631 omnia

120 3669 364 3753 quatientibus),
392 3668 504 3734 consul
526 3691 545 3732 a
567 3669 661 3733 terris
683 3669 793 3733 omnia
814 3668 904 3752 cquis
927 3667 1066 3751 virisque
1087 3668 1266 3751 quatiebat.

121 3770 208 3835 Musa
231 3793 304 3834 man
329 3769 420 3834 nicht
442 3773 499 3853 qui
520 3774 600 3851 statt
622 3771 735 3853 quibos
757 3768 947 3834 schreiben?

206 3894 232 3936 o.
254 3871 451 3957 Ergtnzung
473 3871 561 3936 eines
576 3871 801 3956 Hauptmodus
823 3890 879 3935 aus
902 3870 974 3934 dem
995 3869 1189 3935 Infinitiv
1211 3872 1267 3935 des

121 3973 276 4038 Praesens
310 3974 373 4037 und
402 3974 604 4057 umgekehrt.
653 3972 800 4037 Ersteres
827 3973 949 4037 kommt
981 3970 1129 4035 ziemlich
1162 3974 1266 4038 selten

121 4096 191 4139 vor:
214 4073 281 4140 cie.
305 4074 386 4138 Phil.
407 4075 437 4158 2,
452 4073 504 4157 27,
519 4075 558 4139 67
576 4059 669 4139 urbes
692 4078 725 4139 et
742 4096 842 4160 regna
856 4073 1001 4138 celeriter
1014 4075 1106 4136 tanta
1121 4075 1266 4157 nequitia

120 4176 273 4240 devorare
288 4176 453 4258 potuisset.
490 4178 536 4239 At
556 4176 640 4240 idem
655 4176 750 4251 aedes
763 4176 860 4240 etiam
876 4178 909 4239 et
923 4174 1033 4238 hortos
1056 4173 1264 4260 (devorarit).

120 4275 212 4342 Tusc.
236 4275 266 4358 2,
282 4276 334 4359 25,
349 4277 388 4340 61
407 4275 568 4341 Zenonem
590 4276 802 4361 significabat,
827 4298 930 4360 aquo
952 4275 1043 4339 illum
1069 4275 1265 4360 degenerare

121 4376 258 4441 dolebat.
302 4379 348 4441 At
363 4399 428 4441 non
449 4381 558 4442 noster
572 4378 764 4443 Posidonius
780 4375 1025 4465 (degeneravit).
1061 4400 1092 4461 p.
1113 4376 1264 4443 Deiotaro
