2926 5070
531 332 759 396 -165-

156 486 246 551 Nach
271 486 432 572 Analogie
455 487 510 550 der
533 485 765 569 Impereonelia
785 488 830 569 fit,
855 487 977 568 accidit,
1000 487 1120 564 incidit,
1132 508 1214 563 ‚core
1245 548 1254 554 ,

67 592 170 672 tinpit,
194 591 302 667 euenit,
328 591 501 669 usuvenit,
524 589 642 653 accedit
664 587 721 650 hat
744 587 906 651 vielleicht
920 587 1051 651 Tacitus
1075 588 1132 652 des
1156 612 1214 652 un-

68 691 208 774 persdnl.
230 690 294 771 fert
316 714 354 754 zu
377 694 484 754 sctzen
507 693 637 775 gewegt
659 690 693 752 in
715 688 771 752 der
794 689 870 752 nwei
886 688 953 752 Mel
977 690 1213 773 engewendten

72 792 198 857 Formel
221 795 251 857 si
273 796 320 858 ita
339 791 436 872 ferret
457 791 532 856 hist.
555 792 586 874 2,
602 791 654 854 44.
678 790 798 866 enn.3,
818 791 868 854 15.
909 790 994 853 Abcr
1016 789 1115 856 echon
1140 792 1213 856 Scn.

70 916 100 957 ιι.
119 918 155 976 q.
178 894 208 975 6,
231 895 283 972 32,
309 897 342 957 11
370 898 421 976 ut,
445 894 472 956 si
494 894 541 956 its
563 892 688 975 tulerit,
711 892 814 975 possis
837 891 884 954 illi
907 895 940 955 ct
961 892 1088 955 obviarn
1111 893 1166 956 ire.

154 999 187 1076 ξ.
212 995 264 1059 96.
311 993 474 1079 Folgende
503 994 593 1076 sind,
627 994 686 1057 wie
714 992 794 1057 euch
825 993 931 1077 einige
959 993 994 1056 in
1016 998 1046 1074 ξ.
1070 994 1120 1076 95,
1152 1016 1214 1058 nur

72 1096 289 1160 scheinber
315 1095 623 1180 unperehnlich,
657 1116 750 1159 wenn
780 1094 830 1158 ihr
852 1093 1016 1178 Subject
1042 1096 1074 1159 in
1109 1097 1212 1160 eincm

72 1221 131 1263 vnn
165 1197 265 1263 ihnen
299 1198 506 1284 abhingigen
534 1198 787 1263 Nebensetre
819 1196 913 1280 liegt:
954 1201 1088 1280 apparet
1123 1201 1214 1282 patet

74 1301 169 1384 liquet
191 1303 334 1381 constet,
356 1300 442 1364 inllit
463 1300 548 1384 fugit
569 1299 740 1384 praeterit,
765 1297 916 1363 conducit
938 1300 1089 1363 convenit
1110 1300 1214 1364 veriet

76 1401 229 1485 discrepat
244 1400 374 1485 expedit
395 1401 524 1485 prodest
545 1404 640 1466 nocet
661 1402 762 1483 obest,
785 1400 890 1484 placet
913 1399 1070 1484 displicet,
1093 1401 1214 1465 sufficit

77 1503 220 1586 suppetit,
242 1503 400 1567 succurrit
421 1505 514 1566 vacet
535 1506 600 1565 etet
622 1503 695 1586 („cs
710 1499 797 1565 steht
812 1500 913 1586 fest“)
936 1505 1088 1585 praestet,
1111 1505 1214 1567 restet

79 1605 261 1687 relinquitur
283 1608 438 1688 superest,
462 1605 579 1668 attinet
601 1604 751 1687 pertinet,
775 1606 824 1666 cst
838 1602 913 1688 (mit
935 1602 1007 1666 dem
1022 1601 1118 1668 Infin.
1135 1604 1213 1668 oder

81 1705 130 1769 nit
148 1705 206 1791 ut).
251 1704 373 1771 Jedoch
396 1706 439 1770 ist
460 1706 510 1769 die
535 1704 749 1789 Anwendung
770 1704 835 1768 und
859 1703 1086 1769 construction
1109 1704 1214 1770 dieser

82 1806 177 1872 Verba
203 1802 281 1872 eret'
297 1808 332 1870 in
361 1807 433 1871 dem
461 1807 652 1871 Abschnitte
680 1806 758 1870 tiber
787 1806 837 1871 dic
865 1805 1143 1871 substantiveiitze
1174 1830 1213 1871 nu

84 1907 318 1991 behendeln:'§.
341 1908 415 1991 378,
440 1908 470 1972 9.
492 1908 565 1973 386.
589 1907 652 1971 428
675 1929 705 1971 5.
729 1907 801 1971 443.
848 1907 999 1973 Convenit
1020 1929 1076 1989 „ee
1098 1911 1212 1991 pesst“

84 2009 171 2074 heisst
191 2010 271 2075 euch
294 2031 352 2092 „es
374 2008 521 2073 herrscht
544 2009 904 2093 Uebereinstimmung“
926 2007 992 2072 uud
1015 2008 1102 2072 kann
1126 2008 1211 2074 ohne

86 2108 249 2175 llebensatz
278 2111 355 2175 oder
381 2108 461 2175 euch
491 2110 673 2194 persiinlich
697 2109 825 2174 stehen:
862 2109 929 2173 Cic.
955 2108 1050 2173 Rosc.
1074 2110 1147 2176 Am.
1171 2110 1213 2172 29

87 2214 238 2277 conveniet
260 2212 339 2276 mihi
361 2216 466 2277 tecum
489 2233 619 2277 necesse
642 2215 700 2275 est.
746 2210 827 2274 Bell.
852 2209 934 2275 Gall.
959 2211 988 2293 8,
1011 2209 1053 2273 23
1076 2213 1111 2273 ut
1139 2232 1212 2275 con-

88 2318 200 2378 venerat
229 2314 319 2397 „wie
347 2336 422 2378 men
452 2314 775 2399 dbereingelrommen
804 2314 905 2376 wer“.
951 2311 1020 2375 Liv.
1042 2310 1072 2388 2,
1096 2311 1147 2389 23,
1173 2314 1212 2377 15

88 2435 138 2478 non
163 2417 255 2480 modo
284 2417 369 2480 inter
397 2422 517 2500 patres,
545 2415 600 2481 scd
628 2439 669 2480 nc
696 2416 782 2479 inter
807 2414 953 2478 consules
975 2412 1100 2497 quidem
1124 2414 1211 2498 ipsos

88 2517 149 2581 setis
178 2517 396 2582 conveniebat.
441 2517 483 2582 So
515 2518 611 2602 diter3
645 2515 845 2602 persiinlich:
880 2517 909 2599 7,
944 2517 992 2598 15,
1016 2515 1037 2580 4
1071 2515 1209 2601 signum,

88 2619 154 2700 qued
175 2623 387 2701 convenerat,
411 2619 506 2686 dedit.
550 2620 602 2703 38,
629 2622 664 2683 11
690 2618 771 2683 nihil
796 2640 833 2682 ex
856 2639 910 2701 eo,
934 2617 1017 2702 quod
1042 2640 1112 2682 curn
1136 2640 1210 2682 con·

89 2720 142 2783 sule
167 2725 375 2803 convenerat,
404 2723 569 2788 mutatum.
615 2719 682 2783 Das
706 2719 898 2804 Gegentheil
921 2719 999 2784 wird
1026 2719 1124 2784 durch
1147 2720 1209 2785 dis-

89 2828 188 2903 crepet,
220 2823 297 2887 eber
330 2826 395 2886 erst
427 2822 488 2886 seit
520 2821 639 2903 Livius,
673 2821 876 2904 bezeichnet,
911 2843 936 2888 z.
961 2820 998 2890 Β,
1022 2822 1053 2903 8,
1076 2822 1119 2885 40
1151 2844 1210 2886 nec

89 2920 227 3009 discrepet
255 2926 333 3010 quin
362 2923 499 2988 dictator
526 2944 563 2986 eo
592 2945 677 2987 enne
699 2924 739 2988 A.
765 2921 933 2987 Cornelius
954 2921 1061 2987 fuerit.
1104 2923 1135 3007 3,
1157 2925 1208 2989 31.

90 3022 128 3101 22,
147 3026 193 3090 61.
227 3027 280 3109 25,
305 3026 356 3089 28.
396 3025 449 3108 29,
470 3024 522 3092 25.
563 3026 615 3108 38,
639 3026 691 3090 56.
737 3024 834 3088 Beide
864 3022 972 3089 Verba
1003 3024 1054 3088 bei
1089 3024 1208 3089 Sueton

91 3122 181 3191 Claud.
202 3130 244 3192 44
268 3131 308 3191 ct·
323 3146 445 3191 veneno
468 3126 595 3211 quidem
623 3127 762 3190 occisum
790 3126 956 3204 convenit,
986 3126 1041 3190 ubi
1072 3147 1147 3190 veru
1178 3130 1210 3190 et

91 3247 238 3313 perquem
261 3230 350 3308 dato,
374 3229 543 3312 discrepet.
591 3228 794 3293 Persdnlich:
817 3226 884 3292 Liv.
902 3226 931 3304 9,
954 3227 1006 3309 46,
1029 3227 1049 3289 4
1071 3226 1102 3289 id
1126 3228 1209 3310 quod

91 3323 154 3391 haud
175 3331 342 3415 discrepet.
389 3331 471 3395 Eine
499 3329 727 3414 Ungleichheit
749 3330 783 3393 in
816 3328 871 3392 der
896 3328 1123 3411 Abstimmung
1158 3327 1208 3391 be·

94 3430 214 3498 zeichnet
235 3433 345 3498 Livius
368 3434 419 3497 ein
437 3433 502 3496 Mel
525 3432 626 3497 durch
640 3432 697 3498 dns
713 3429 958 3515 unpersdnliche
976 3429 1071 3492 Activ
1085 3431 1209 3494 venat:

96 3531 174 3612 1,43,·
195 3538 229 3600 11
255 3536 301 3600 ibi
329 3536 355 3600 ei
385 3536 532 3600 variaret.
578 3534 677 3600 Sonet
705 3534 784 3599 wird
812 3533 905 3597 desilr
933 3531 990 3596 des
1013 3530 1124 3595 Passis
1155 3553 1209 3615 ge·
1306 3553 1315 3568 ⁸

94 3629 210 3702 breucht.
250 3639 278 3717 2,
296 3639 326 3717 7,
345 3639 383 3702 15
399 3659 468 3702 curn
484 3640 520 3704 in
535 3659 568 3703 eo
590 3643 665 3703 esset
687 3637 777 3700 utin
801 3656 908 3699 muros
930 3633 1080 3697 evaderet
1102 3632 1206 3717 miles3

94 3729 209 3823 liutger
230 3760 281 3806 rec
302 3740 336 3804 in
359 3761 396 3804 eo
419 3744 469 3803 est
490 3743 526 3804 nt
547 3741 576 3818 8,
600 3740 651 3822 27,
674 3739 702 3803 3.
726 3740 778 3822 30,
804 3737 852 3819 19,
875 3736 904 3800 3.
928 3735 980 3813 33,
1003 3735 1055 3813 41,
1079 3734 1108 3798 9.

156 3843 181 3921 ἓ.
203 3842 253 3907 97.
278 3841 462 3923 Allgemein
485 3841 575 3907 dient
596 3839 869 3905 dcrInlinitiv
892 3836 969 3901 und
993 3836 1056 3900 die
1080 3836 1208 3902 dritte

96 3933 214 4007 Persen
237 3945 284 4008 im
308 3942 500 4028 Singulsr
522 3943 587 4007 dee
611 3942 770 4006 Pessivs
793 3963 855 4005 von
879 3938 1106 4004 intransitiven
1130 3938 1209 4002 Ver-

96 4034 131 4101 bis
148 4043 187 4108 sls
208 4046 453 4130 nnpersdnlichc
476 4044 581 4128 Forrn,
604 4043 801 4109 namentlich
826 4043 875 4107 bei
894 4041 1044 4105 Wdrtern
1066 4040 1122 4103 der
1139 4039 1207 4104 Be·

96 4158 240 4234 vsgung.
286 4148 471 4212 Plautus:
493 4147 624 4212 celetur.
657 4131 835 4211 desitumst.
864 4141 1123 4228 philosophatum
1147 4147 1205 4206 cst.

95 4243 121 4304 ul
141 4249 276 4314 veletur?
319 4249 484 4314 Terens:
517 4252 631 4313 stetur.
668 4247 787 4331 emergi
816 4268 881 4311 nen
909 4248 1025 4329 potest.
1062 4247 1209 4328 potuerat

94 4345 198 4424 quiesci.
234 4353 345 4418 Ceto:
362 4351 569 4416 nubilebitur.
599 4349 768 4414 Ennius:
788 4348 913 4412 vivitur.
948 4346 1024 4413 cic.
1040 4346 1104 4414 inv.
1122 4348 1148 4424 1,
1165 4348 1208 4412 30

94 4449 120 4509 ul
136 4454 294 4519 neioribus
317 4457 396 4518 netu
424 4455 623 4537 assurgetur,
656 4453 692 4515 ut
719 4450 897 4534 supplicum
915 4443 1122 4514 'misereatur
1168 4449 1206 4513 de
