3022 5070
701 365 736 374 -κ
784 330 847 392 324
890 351 963 377 -κ

247 504 316 546 esse
344 481 376 544 id
403 480 606 564 perspicuum
634 501 730 563 quam
758 482 793 544 tu
821 479 900 543 velis
928 478 991 562 (wo
1017 481 1107 546 uelles
1135 502 1196 544 nur
1218 479 1393 563 Conjeetur

247 584 312 665 ist).
351 587 380 664 ξ.
407 583 447 644 10
468 581 606 665 primum
634 581 711 659 fuit,
742 602 814 644 aum
842 581 963 644 eaelum
986 582 1253 665 suspexissemus,
1282 584 1391 646 statim

247 706 306 748 noa
334 683 516 767 intelligere
545 703 613 745 esse
636 681 764 766 aliquod
788 703 922 764 numen,
951 703 1013 764 quo
1034 682 1113 746 haee
1135 685 1290 767 regantur
1313 683 1391 766 (Va-

247 786 367 849 riante:
401 783 613 869 regerentur).
658 784 751 848 Beim
780 781 1198 868 Bedingungsverh‘altniss:
1231 784 1286 849 fin.
1313 788 1339 863 l,
1365 786 1393 867 7,

245 887 288 950 25
318 889 344 950 si
373 885 616 963 concederetur,
651 885 778 949 etiamsi
806 884 847 947 ad
876 906 990 968 eorpus
1017 884 1098 948 nihil
1125 886 1298 968 referatur,
1330 887 1394 949 ista

246 1010 304 1073 per
327 1010 362 1051 se
384 1008 452 1051 esse
475 986 624 1051 iucunda.
669 986 730 1052 div.
752 986 790 1068 2,
812 987 868 1069 59,
895 986 955 1050 122
976 1008 1016 1050 ne
1039 987 1066 1050 si
1088 987 1242 1072 navigare
1265 987 1392 1070 quidem

142 1137 146 1141 -
246 1091 352 1168 relirn,
376 1090 422 1152 ita
443 1089 664 1172 gubernarem,
687 1093 724 1152 ut
746 1089 985 1172 somniaverim,
1007 1109 1158 1172 praesens
1181 1089 1267 1152 enim
1290 1111 1394 1173 poena

247 1191 301 1254 sit.
324 1191 376 1254 off.
399 1190 435 1273 2,
460 1190 514 1272 16,
537 1191 577 1254 57
598 1211 788 1272 quamquam
811 1189 974 1274 intelligo,
1002 1190 1035 1253 in
1059 1192 1169 1253 nostra
1191 1191 1321 1254 civitate
1344 1191 1392 1254 in·

249 1295 407 1356 veterasse
441 1291 504 1355 iarn
538 1290 631 1354 bonis
659 1291 856 1374 temporibus
883 1294 921 1353 ut
947 1290 1098 1374 splendor
1125 1290 1325 1356 aedilitatum
1354 1292 1394 1355 ab

249 1394 380 1477 optimis
409 1393 485 1457 viris
512 1391 693 1476 postuletur
721 1391 832 1476 (Sinm
860 1391 944 1474 quod
971 1414 1057 1457 nuno
1079 1393 1277 1477 postulatur,
1306 1395 1394 1457 inve

247 1494 364 1559 teravit
385 1495 448 1557 iam
472 1491 564 1557 bonis
586 1493 807 1579 temporibus).

332 1595 421 1661 Seu.
451 1618 500 1680 ep.
530 1597 584 1676 79,
606 1598 628 1659 4
650 1617 716 1660 ιιοιι
744 1597 794 1660 est
820 1597 904 1659 enim
933 1595 1015 1679 quod
1042 1596 1136 1660 istam
1160 1618 1267 1661 euram
1290 1597 1392 1681 impu·

250 1702 300 1762 tes
328 1696 422 1761 mibi:
452 1697 565 1761 morbo
589 1699 674 1761 enim
696 1700 751 1761 tuo
773 1697 906 1762 daturus
929 1719 1013 1777 eras,
1043 1698 1169 1763 etiamsi
1190 1720 1284 1762 nemo
1305 1721 1396 1762 man-

249 1799 339 1863 daret
367 1798 443 1881 tibi,
471 1799 573 1864 donee
595 1801 734 1863 Aetnam
763 1800 924 1864 describas
951 1801 985 1863 in
1013 1802 1069 1863 tuo
1091 1801 1233 1864 carmine
1255 1804 1288 1864 et
1307 1799 1397 1865 huno

246 1900 435 1964 sollemnem
459 1899 609 1964 omnibus
632 1902 737 1983 poetis
760 1901 863 1965 locum
887 1901 1041 1985 attingas.
1079 1899 1180 1965 Plin.
1203 1903 1398 1984 ep.10,115

247 2000 337 2085 (114)
365 2001 444 2064 wird
472 2023 533 2065 von
562 2000 763 2066 Sahoemann
793 2025 832 2066 zu
861 2001 926 2067 cic.
955 2024 988 2066 n.
1019 2001 1048 2064 d.
1071 2002 1107 2084 2,
1141 2005 1153 2064 l
1185 2001 1314 2067 hierber
1341 2025 1397 2088 ge

250 2124 366 2188 nogen,
395 2101 475 2166 doeh
503 2102 578 2166 liest
603 2101 677 2167 Keil
705 2103 831 2168 anders.
880 2103 968 2167 Tac.
997 2124 1071 2167 ann.
1098 2104 1135 2186 4,
1162 2105 1198 2166 ll
1223 2104 1303 2167 mihi
1331 2108 1396 2168 tra-

249 2204 346 2267 dendi
375 2204 592 2289 arguendique
620 2207 757 2269 rumoris
779 2216 875 2270 eausa
895 2205 972 2284 luit,
1002 2208 1038 2268 ut
1060 2205 1145 2269 elaro
1168 2205 1227 2269 sub
1250 2206 1397 2290 exemplo

248 2306 346 2369 falsas
382 2305 560 2370 auditiones
593 2294 782 2391 depellerem
811 2309 1015 2391 peteremque
1044 2306 1084 2369 ab
1110 2307 1168 2388 iis,
1196 2328 1331 2391 quorum
1362 2294 1420 2371 ἰιι

247 2429 361 2471 manus
390 2429 465 2472 eura
492 2413 604 2472 nostra
630 2409 769 2490 venerit,
804 2430 845 2473 ne
873 2408 1039 2492 divulgata
1066 2446 1106 2456 —
1137 2409 1281 2472 veris-
1304 2414 1396 2473 ante-

247 2508 398 2573 habeant.
443 2493 617 2594 Ge11.'18,
639 2511 670 2592 4,
693 2511 714 2574 3
736 2508 947 2593 quaerebatur
968 2531 1006 2573 ex
1028 2530 1095 2591 me,
1123 2510 1276 2592 quidnam
1300 2511 1397 2575 verba

248 2612 315 2674 eius
341 2610 422 2674 haee
449 2612 483 2674 in
512 2615 624 2694 quarto
655 2610 867 2676 Historiarum
891 2611 974 2675 libro
998 2610 1190 2695 significent.
1235 2611 1342 2676 Laet.
1365 2613 1395 2692 3,

174 2776 178 2785 ,
247 2713 304 2795 24,
327 2712 347 2776 8
370 2713 398 2776 si
420 2717 526 2776 autem
549 2712 686 2777 rotunda
708 2713 805 2777 etiam
827 2716 913 2778 terra
934 2716 1030 2789 esset,
1060 2733 1189 2776 necesse
1212 2735 1282 2778 esse
1302 2717 1341 2777 ut
1362 2714 1396 2777 in

252 2835 363 2877 omnes
392 2813 472 2877 caeli
502 2816 608 2897 partes
631 2815 765 2878 eandem
787 2814 902 2879 faeiem
924 2819 1017 2899 gerat
1039 2815 1059 2879 i.
1084 2835 1110 2877 e.
1133 2819 1258 2878 montes
1281 2815 1396 2900 erigat,

250 2935 379 2998 campos
408 2914 535 2993 tendat,
563 2916 666 2979 maria
693 2919 889 2980 consternat.
934 2914 1023 2990 Quod
1051 2917 1079 2980 si
1101 2916 1148 2979 ita
1170 2921 1269 2995 esset,
1297 2918 1396 2981 etiam

249 3015 441 3098 sequebatur
467 3015 553 3079 aliud
581 3021 773 3101 extremum,
808 3021 844 3080 ut
872 3017 960 3081 nulla
985 3019 1028 3084 sit
1054 3040 1130 3102 pars
1158 3023 1278 3102 terrae,
1313 3040 1396 3103 quae

247 3139 312 3181 non
335 3117 376 3180 ab
398 3116 582 3182 hominibus
606 3156 646 3166 ——
668 3118 836 3183 incolatur.
874 3121 904 3199 ξ.
926 3121 962 3181 11
986 3120 1122 3203 probare
1144 3141 1280 3203 possem,
1305 3119 1423 3185 nullo·

247 3218 340 3283 modo
362 3219 431 3282 fieri
453 3215 606 3304 possent
627 3220 749 3285 eaelum
771 3224 857 3284 terra
879 3219 922 3283 sit
943 3219 1086 3289 inferius.
1124 3222 1201 3305 opif.
1225 3222 1258 3303 4,
1280 3223 1320 3286 13
1343 3244 1396 3285 ex·

249 3320 336 3384 elusa
358 3320 396 3384 de
418 3321 513 3386 rebus
537 3321 683 3385 humanis
705 3321 814 3387 divina
835 3321 1051 3405 providentia,
1080 3324 1260 3388 necessario
1285 3344 1395 3406 seque·

110 3482 128 3497 ,
250 3421 344 3487 batur
365 3425 402 3486 ut
423 3424 532 3487 omnia
554 3445 611 3487 sua
634 3425 747 3508 sponte
770 3423 836 3486 sint
856 3426 943 3488 nata.

333 3522 498 3589 Incorreot
519 3525 562 3588 ist
584 3525 680 3609 Apul.
703 3524 933 3609 met.2,13ut
955 3526 1084 3606 assidat,
1109 3527 1214 3591 effecit
1236 3527 1394 3612 (frdhere,

251 3625 328 3689 aber
348 3625 471 3689 falsehe
496 3626 620 3690 Lesart:
643 3627 823 3712 assideret).

336 3731 367 3808 ἕ.
394 3728 464 3795 153.
497 3738 565 3817 Der
587 3737 822 3805 Imperativus.

266 3860 268 3863 v
334 3831 363 3892 1.
401 3828 461 3892 Die
488 3827 827 3913 Subjeetspronomina
855 3837 904 3914 tu,
932 3837 1009 3916 bete,
1038 3852 1108 3916 vos,
1135 3837 1251 3898 oosnset
1278 3833 1395 3900 steben

249 3929 421 3994 besonders
449 3929 500 3994 bei
523 3930 583 3995 den
606 3929 783 3995 Komikern
807 3932 918 4018 huufig
939 3933 994 3997 des
1017 3933 1245 3999 Nachdruokes
1269 3957 1397 4021 wagan,

247 4054 273 4094 n.
297 4030 335 4094 B.
363 4030 468 4095 Plaut.
491 4031 578 4096 Pers
601 4034 636 4115 5,
660 4032 695 4110 2,
718 4034 761 4098 34
786 4035 896 4098 restim
924 4041 960 4098 tu
986 4034 1047 4098 tibi
1076 4025 1165 4119 eape.
1210 4035 1305 4101 Most.
1332 4039 1398 4104 885

248 4155 342 4197 mane
371 4133 417 4196 tu.
463 4131 562 4198 Mero.
583 4135 620 4217 4,
645 4137 672 4213 l,
698 4136 734 4197 11
759 4135 812 4199 abi
840 4136 904 4200 iam
931 4139 967 4200 tu
996 4137 1090 4202 intro.
1135 4137 1225 4203 Pers.
1253 4139 1317 4202 600
1346 4141 1399 4205 adi

250 4256 321 4298 eum
345 4239 424 4298 tute.
468 4234 582 4299 Pseud.
605 4237 640 4313 4,
663 4236 695 4318 2,
718 4236 760 4299 29
782 4240 849 4301 tute
873 4238 940 4302 eius
963 4260 1080 4303 nomen
1102 4245 1281 4305 memorato
1304 4241 1400 4307 mihi.

251 4338 278 4417 1,
297 4338 325 4411 1,
343 4338 381 4400 18
404 4339 472 4400 tute
493 4335 569 4400 hine
592 4341 720 4400 narrato
742 4337 812 4401 tibi.
849 4338 936 4403 Pers.
958 4341 1022 4406 469
1043 4363 1131 4406 nuno
1153 4342 1240 4426 agite
1262 4343 1306 4407 ite
1332 4365 1401 4409 vos.

249 4434 349 4500 Stich.
372 4437 406 4516 3,
433 4438 465 4515 1,
487 4438 529 4501 45
552 4438 595 4502 ite
618 4437 678 4501 bae
700 4439 871 4503 secundum
895 4462 961 4506 vos.
999 4441 1096 4506 Mero.
1119 4444 1183 4508 270
1206 4449 1333 4511 vosmet
1356 4449 1404 4513 ri·
