2926 5070
712 276 858 340 -238
904 314 940 322 -

251 431 379 511 temque
412 425 462 491 die
495 425 623 491 labente
651 427 792 492 reducat.
829 466 862 473 —
892 427 999 492 Ovid.
1028 432 1102 492 met.
1139 428 1189 506 10,
1217 429 1281 492 654
1309 450 1399 511 posse

251 534 345 613 putes
368 528 449 593 illos.
496 559 498 565 ’

337 631 384 694 lm
413 630 562 695 causaleu
585 630 815 696 Relativsatze:
847 632 959 714 Apul.
990 634 1065 696 met.
1102 631 1152 712 10,
1175 631 1217 694 22
1252 631 1314 695 heu
1338 654 1399 716 me,

253 732 307 815 qui
331 770 373 779 —
396 753 511 795 munus
534 731 746 796 instructurus
767 735 827 796 sim
850 732 912 797 mei
936 732 1070 796 domiui!

339 832 376 896 Β.
399 832 460 897 Die
481 832 769 916 Repraesentation
800 832 900 922 durch
923 835 984 897 den
1009 834 1201 917 Conjunctiv
1224 835 1279 899 des
1301 834 1398 900 Prae-

253 956 326 999 sens
341 934 418 998 oder
432 933 576 999 Perfects
599 935 631 998 in
655 935 877 999 indirecter
894 935 995 1013 Rene,
1019 934 1282 1000 wahrscheinlich
1300 936 1399 1001 durch

252 1034 475 1121 griechischen
497 1035 638 1101 Einfluss
666 1036 873 1119 entstanden‚
907 1037 949 1100 ist
983 1037 1031 1100 bis
1049 1037 1132 1120 jetct
1163 1059 1220 1101 aus
1251 1038 1307 1101 der
1330 1060 1400 1102 vor-

252 1137 452 1202 lrlassischen
467 1137 537 1201 Zeit
559 1138 650 1202 nicht
672 1138 933 1223 nachgewiesen3
956 1139 1153 1222 wenigstens
1175 1138 1220 1201 ist
1241 1140 1310 1220 das,
1335 1162 1399 1203 was

253 1238 370 1304 Holtze
393 1239 424 1305 ΙΙ
448 1239 479 1304 S.
504 1240 539 1303 91
567 1241 666 1325 giebt‚
690 1240 824 1304 anderer
847 1240 914 1303 Art.
959 1240 1027 1303 Aus
1051 1238 1191 1304 Cicero
1216 1241 1303 1305 citirt
1318 1242 1399 1304 lirii-

252 1363 310 1424 ger
336 1341 418 1406 noch
450 1342 606 1422 (Gramm.
636 1345 666 1422 ἕ.
689 1341 801 1423 655,5
829 1342 940 1423 Anm.)
973 1340 1024 1403 off.
1057 1343 1084 1420 1,
1109 1343 1157 1425 11,
1180 1343 1221 1406 36
1250 1341 1331 1407 Cato
1359 1344 1399 1408 ad

253 1443 408 1526 Popilium
441 1443 570 1526 scripsit
598 1447 644 1526 ut,
677 1444 704 1507 si
732 1464 803 1513 eum
832 1442 972 1526 patiatur
1000 1443 1055 1526 (al.
1082 1445 1261 1529 pateretur)
1289 1445 1323 1509 in
1348 1467 1398 1509 ex·

135 1581 139 1588 ·
253 1547 353 1609 ercitu
378 1565 556 1624 remanere,
589 1544 729 1608 secundo
752 1565 824 1608 euni
847 1544 968 1628 obliget
991 1544 1044 1626 (al.
1067 1545 1238 1628 obligaret)
1264 1546 1396 1611 militiae

253 1651 463 1711 sacramento.
513 1645 602 1709 Aher
623 1644 708 1709 dieue
730 1644 829 1710 Stelle
851 1646 894 1709 ist
916 1646 968 1710 ein
990 1645 1083 1710 Theil
1106 1647 1193 1711 eines
1216 1648 1329 1732 linget
1351 1669 1396 1712 er-

252 1748 398 1811 kuunten
421 1746 591 1811 Glossema.
637 1745 851 1831 Dergleichen
867 1746 1052 1811 Praesentia
1074 1746 1183 1811 fehlen
1206 1748 1257 1812 bei
1274 1747 1395 1818 Cicero.

252 1849 408 1934 Dagegen
438 1849 561 1912 kommt
588 1848 644 1912 der
671 1848 867 1931 Ooujunctiv
899 1849 953 1912 des
991 1848 1172 1912 Perfects
1200 1871 1258 1914 vor
1287 1851 1396 1935 (abge-

252 1950 350 2015 sehen
382 1972 445 2015 von
478 1937 539 2014 deri
573 1951 607 2015 in
638 1953 668 2031 ξ.
694 1951 755 2015 126
789 1973 825 2013 55
857 1947 1097 2014 behandelnden
1121 1948 1244 2033 neuen,
1273 1973 1323 2015 wo
1345 1953 1396 2016 ein

252 2052 431 2136 Hauptsatz
462 2053 505 2115 im
528 2050 682 2115 Praesens
707 2050 912 2136 vorcufgeht)
941 2052 1007 2115 und
1035 2073 1118 2115 zuar
1140 2050 1232 2116 recht
1254 2053 1395 2117 evident:

252 2155 291 2217 ad
314 2155 389 2218 fam.
413 2156 444 2235 3,
469 2153 498 2236 9,
524 2155 539 2215 1
563 2153 602 2216 iis
625 2174 700 2216 vero
722 2152 838 2217 litteris
861 2152 1013 2217 lectis-
1039 2153 1173 2237 cognovi
1190 2152 1395 2238 intellexique

250 2258 284 2319 iu
313 2255 479 2339 provincia
511 2254 630 2319 multos
662 2255 778 2335 fuisse,
811 2255 867 2338 qui
894 2275 963 2336 nos,
998 2275 1059 2337 quo
1088 2255 1197 2319 animo
1226 2256 1396 2319 internos

251 2379 377 2439 sumus,
408 2378 478 2421 esse
500 2357 640 2438 nollent,
669 2355 707 2419 ad
737 2355 848 2420 urbem
876 2378 951 2420 vero
974 2359 1011 2418 ut
1031 2358 1196 2423 accesseris
1216 2356 1268 2421 vel
1290 2359 1396 2441 potius

250 2463 287 2523 ut
308 2460 444 2543 primum
467 2461 540 2522 tuos
562 2459 693 2541 viderie,
716 2478 872 2542 cognosse
894 2461 926 2521 te
949 2458 1058 2539 exiis,
1087 2458 1204 2540 quain
1228 2461 1259 2522 te
1283 2460 1396 2524 absen-

250 2565 316 2623 tem
340 2559 402 2623 fide
426 2597 462 2606 —
488 2559 627 2623 fuissem.
682 2583 712 2643 p.
736 2559 863 2635 Quinct.
897 2562 927 2640 5.
950 2559 991 2623 57
1019 2558 1185 2624 discedens
1214 2560 1258 2627 in,
1278 2582 1396 2625 memo-

250 2663 330 2726 riam
354 2661 449 2725 rediit
470 2660 654 2739 Quinctius,
678 2682 741 2743 quo
764 2661 815 2723 die
837 2658 938 2724 Roma
961 2661 995 2724 in
1020 2660 1158 2725 Galliam
1176 2662 1336 2744 profectus
1357 2666 1399 2727 sit

252 2763 381 2846 (voraul
400 2762 479 2846 geht
500 2762 556 2825 der
579 2761 934 2848 Oonjunctivdiccrcs).
979 2761 1073 2829 Rosc.
1097 2764 1171 2825 Am.
1195 2765 1224 2843 ἓ.
1244 2765 1287 2827 53
1311 2768 1344 2828 et
1366 2764 1396 2828 id

181 2923 184 2929 .
251 2867 320 2929 erat
353 2865 433 2951 certi
466 2867 659 2928 accusatoris
694 2864 843 2947 officium,
876 2866 930 2947 qui
963 2863 1047 2927 tanti
1075 2863 1204 2928 sceleris
1237 2871 1398 2949 argueret,

252 2965 412 3049 explicare
446 2965 555 3029 omnia
586 2965 664 3029 vitia
698 2970 794 3048 atque
824 2969 956 3050 peccata
989 2965 1061 3047 filii,
1099 2965 1213 3049 quibus
1247 2966 1398 3031 incensus

251 3091 367 3154 parens
384 3070 524 3152 poluerit
549 3067 692 3132 animum
718 3067 868 3132 inducere
890 3073 926 3130 ut
947 3068 1094 3131 naturam
1117 3068 1268 3132 vinceret.
1319 3069 1400 3133 Hier

251 3171 311 3235 soll
341 3168 426 3234 wohl
460 3168 516 3232 das
544 3168 843 3234 Missverstiindniss
876 3169 963 3232 eines
991 3169 1126 3232 irreulen
1156 3168 1399 3234 Verhdltuisses

252 3274 430 3357 (potuisset,
454 3271 486 3334 si
505 3271 672 3353 voluisset)
700 3270 849 3335 verhdtct
870 3270 1008 3335 werden·
1062 3270 1154 3335 Eben
1176 3290 1211 3332 so
1234 3270 1400 3336 vielleicht
1429 3270 1431 3273 ’

251 3375 343 3440 Verr.
373 3372 414 3458 ΙΙ,
446 3376 460 3436 1
495 3378 525 3455 ξ.
557 3373 598 3437 75
626 3373 680 3455 qui
707 3373 739 3436 in
769 3372 825 3435 illa
852 3394 886 3436 rc
913 3371 989 3455 quid
1016 3373 1123 3436 facere
1148 3374 1301 3453 potuerit,
1331 3395 1397 3437 non

250 3477 404 3558 habebat,
428 3475 489 3539 nisi
511 3475 595 3538 forte
620 3512 657 3522 -
681 3477 716 3537 ut
737 3477 847 3559 ageret
870 3477 924 3541 ott.
969 3473 1072 3538 Keine
1095 3472 1396 3556 Repraesentation,

251 3577 391 3642 sondern
414 3576 470 3640 das
496 3575 676 3660 logische
699 3575 826 3640 Perfect
853 3575 896 3638 ist
922 3599 960 3640 zu
989 3575 1153 3639 erkenuen
1180 3574 1212 3637 in
1236 3573 1322 3639 Phil.
1349 3578 1397 3655 14,

250 3680 279 3757 6,
304 3681 341 3744 17
371 3678 449 3743 5555
471 3678 663 3761 interposui,
687 3699 751 3742 non
775 3682 840 3742 tam
863 3680 899 3741 ut
920 3697 978 3760 pro
1000 3698 1050 3740 me
1073 3677 1207 3741 dicerim
1232 3714 1269 3723 —
1295 3698 1392 3761 quam

251 3784 287 3843 ut
312 3779 464 3863 quosdam
492 3800 654 3843 monerem
687 3778 818 3863 (‚,nieht
845 3777 966 3844 sowohl
994 3799 1047 3841 um
1076 3776 1128 3840 fiir
1155 3776 1242 3841 mich
1263 3777 1399 3862 geredet

251 3906 289 3947 zu
312 3881 466 3964 haben“).
516 3880 731 3965 Desgleichen
759 3881 799 3945 ad
822 3881 889 3946 Att.
916 3884 942 3964 1,
964 3882 996 3961 5,
1019 3883 1041 3942 4
1067 3879 1122 3943 sed
1151 3879 1269 3943 accidit
1297 3884 1335 3944 ut
1356 3919 1394 3928 -

199 4050 201 4057 s
251 4006 322 4070 ego,
347 3983 400 4072 qui
416 3985 451 4047 in
465 3986 498 4047 te
515 3984 592 4047 satis
609 3983 736 4048 consilii
759 3984 924 4048 statuerim
947 4003 1025 4063 esse,
1049 3980 1176 4044 mallem
1193 3979 1395 4046 Peducaeum

250 4087 310 4150 tibi
337 4084 505 4150 consilium
534 4107 591 4169 per
619 4086 744 4150 litteras
772 4106 868 4167 quam
895 4105 946 4147 me
973 4082 1058 4150 dare.
1114 4082 1252 4148 Hierher
1279 4082 1397 4168 gehtrt

252 4188 327 4253 aber
360 4186 441 4251 auch
476 4187 527 4250 die
560 4185 907 4271 periphrastische
945 4184 1039 4249 Form
1073 4185 1132 4248 mit
1160 4184 1280 4266 fuerim
1314 4186 1395 4249 nach

251 4288 469 4374 regiarendem
503 4288 729 4353 Praeteritum:
766 4287 842 4351 fem.
882 4288 932 4371 13,
962 4286 1010 4365 18,
1042 4287 1057 4348 1
1087 4285 1168 4369 quod
1203 4290 1313 4350 tamen
1343 4287 1398 4350 du-

251 4390 337 4453 bium
370 4390 465 4454 nobis
494 4389 569 4473 quin
598 4392 644 4453 ita
670 4390 811 4454 futurum
838 4389 950 4471 fucrit,
983 4409 1048 4452 non
1071 4390 1148 4452 erat.
1199 4390 1268 4453 Att.
1292 4389 1322 4471 2,
1348 4390 1398 4468 16,
