2926 5070
582 301 726 366 -277
774 339 809 348 —·

100 470 227 535 ·fectus
249 471 289 534 ad
313 470 460 553 classem,
489 493 570 555 qnae
600 492 657 554 per
679 468 801 554 aliquot
823 456 953 534 menses
970 472 1127 536 instructa
1149 495 1187 538 ac
1208 496 1263 557 pa·
1329 533 1333 540 ,

112 576 191 636 rata
213 572 327 651 suerat,
351 572 518 637 visendam
546 572 610 655 (die
631 570 737 636 Flotte
761 572 816 657 lag
838 571 938 638 sehon
960 573 1021 636 seit
1042 573 1171 657 sinigen
1194 574 1263 639 Mo·

112 676 216 737 neten
245 674 347 738 bereit
386 674 452 738 und
481 696 547 739 war
584 695 618 738 so
652 672 846 757 geblieben).
910 673 940 754 6,
963 674 1058 752 29,9
1090 675 1263 759 tabulaque

116 812 156 822 —
182 775 232 839 his
255 775 355 840 ferme
378 776 479 840 incisa
498 775 615 840 litteris
630 776 692 839 fuit
714 775 935 859 (Andeutung,
958 775 1032 839 dass
1047 775 1098 840 die
1115 776 1261 840 Gedenlr·

112 876 196 940 tafel
213 898 275 940 ,nur
295 876 367 960 Zeit
388 879 444 942 des
466 877 575 942 Livius
598 876 689 941 nieht
710 875 801 939 mehr
822 875 1007 940 vorhanden
1030 880 1119 960 war).
1168 877 1260 943 Noch

114 977 299 1042 deutlieher
328 979 371 1043 181
392 980 444 1063 38,
465 980 516 1062 56,
539 980 559 1044 3
582 978 705 1042 Literni
727 981 967 1042 monumentum
992 982 1261 1062 monumentoque

112 1082 223 1143 statua
253 1080 500 1165 superimposita
527 1080 603 1162 fuit,
632 1072 727 1164 quam
755 1081 946 1162 tempestate
974 1079 1139 1144 disiectam
1159 1102 1262 1164 nuper

113 1181 253 1245 vidimus
275 1183 346 1266 ipsi.
395 1184 446 1261 31,
469 1184 521 1264 44,
543 1184 564 1246 5
592 1182 662 1246 loca
685 1202 820 1264 quoque,
847 1181 882 1244 in
906 1181 1020 1264 quibus
1041 1183 1179 1265 positum
1202 1182 1260 1246 ali·

111 1282 192 1364 quid
220 1283 451 1366 inscriptumve
478 1283 612 1348 honoris
640 1284 707 1348 eins
727 1304 824 1348 causa
844 1282 958 1346 fuisset
985 1282 1185 1367 (verbanden
1207 1304 1260 1369 ge·

112 1405 221 1448 wesen
244 1386 354 1470 ware).
402 1386 449 1468 10,
474 1386 581 1464 19,14
604 1386 644 1449 ab
667 1390 782 1450 neutra
804 1388 896 1468 parte
918 1385 996 1448 satis
1019 1385 1167 1450 instructi
1190 1387 1257 1451 lue·

110 1489 216 1549 8881..
254 1487 307 1567 24,
331 1487 383 1569 43,
405 1487 426 1551 3
454 1508 567 1552 novem
590 1486 794 1561 tribunorum
813 1486 932 1550 auxilio
962 1486 1051 1551 vetiti
1074 1508 1201 1550 causam
1225 1487 1259 1550 in

112 1587 307 1671 magistratu
336 1587 440 1653 dicere
469 1588 654 1672 dimissique
683 1588 820 1652 fuerant.
876 1588 927 1670 30,
950 1587 1045 1671 38,6
1074 1586 1194 1652 Romae
1217 1588 1258 1652 ad

111 1690 265 1752 nuntium
306 1690 445 1773 primurn
489 1689 673 1754 rebellionis
706 1689 1025 1774 Carthaginiensium
1063 1688 1258 1773 trepidatum

114 1790 232 1855 fuerat.
276 1792 328 1873 45,
343 1791 431 1871 40,2
459 1792 542 1875 quod
564 1795 689 1856 tantum
712 1792 864 1875 pecuniae
886 1830 926 1840 —
951 1795 1170 1855 coacervatum
1192 1791 1258 1855 fue·

111 1896 175 1955 rat.
229 1891 292 1956 Die
318 1891 544 1957 Fortdauer
575 1893 631 1957 der
658 1892 837 1978 Handlung
865 1893 943 1957 wird
971 1891 1172 1957 bezeichnet:
1205 1893 1257 1973 26,

111 1994 202 2075 21,4
223 1998 318 2058 noete
341 2016 379 2058 ae
401 1993 452 2059 die
474 1994 697 2059 continuatum
718 1994 903 2059 incendium
925 1993 995 2058 fuit
1039 1994 1135 2076 frgm.
1158 1991 1179 2061 l.
1197 1993 1259 2057 120

112 2093 192 2158 satis
219 2098 349 2159 constat
370 2083 477 2160 servos
500 2095 627 2160 fortiter
649 2095 848 2179 fideliterque
876 2098 1005 2179 paratos
1028 2080 1126 2158 fuisse
1149 2094 1189 2157 ad
1211 2094 1258 2157 di·

112 2196 306 2264 micandum.
364 2195 443 2261 Ibid.
477 2197 532 2260 ubi
559 2218 597 2261 eo
624 2198 694 2281 ipso
724 2218 810 2261 anno
842 2195 992 2260 adversus
1015 2195 1194 2259 Antonium
1215 2231 1258 2243 -

113 2297 241 2361 auditus
269 2298 382 2363 fuerat.
431 2299 482 2377 31,
509 2298 551 2364 25
579 2320 651 2363 cum
678 2298 782 2383 primo
811 2298 935 2362 clausae
963 2296 1102 2361 fuissent
1134 2300 1256 2381 portae,

116 2398 231 2464 deinde
253 2400 360 2464 subito
382 2404 546 2490 apertae..
572 2400 623 2484 38,
645 2401 675 2479 2,
698 2400 719 2463 2
750 2422 821 2465 cum
844 2398 967 2464 duobus
989 2398 1130 2462 millibus
1158 2399 1257 2464 Athe

114 2521 239 2584 nasum,
262 2501 345 2585 quod
369 2523 467 2566 unum
488 2524 508 2565 8
522 2502 680 2588 praesidio
703 2523 760 2566 suo
782 2505 941 2565 retentum
963 2500 1077 2583 fuerat,
1100 2501 1254 2584 pervenit.
1366 2540 1373 2556 ο

117 2601 168 2684 39,
189 2603 240 2684 24,
263 2604 285 2666 4
315 2603 500 2668 traduxerat
524 2643 561 2652 -
585 2603 673 2668 omni
703 2625 778 2667 cura
806 2602 838 2667 in
867 2602 1030 2687 augendas
1058 2602 1150 2686 regni
1179 2623 1256 2685 opes

122 2703 260 2767 intentus
290 2705 403 2770 fuerat.
452 2705 503 2787 41,
526 2705 600 2788 4,5
627 2704 759 2786 milites,
788 2704 843 2788 qui
869 2704 904 2769 in
928 2703 1039 2768 castris
1062 2703 1165 2768 relicti
1188 2702 1255 2767 fue-

96 2807 199 2872 ·rant.
254 2806 307 2889 44,
330 2806 425 2886 4658
458 2805 538 2870 nihil
567 2810 694 2890 praeter
721 2809 866 2870 trecenta
887 2805 1026 2887 talenta,
1054 2827 1136 2889 quae
1158 2804 1255 2868 missa

125 2902 233 2970 Gentio
253 2908 334 2994 regi,
365 2907 479 2971 deinde
508 2910 633 2971 retenta
661 2909 807 2987 fuerant,
836 2909 1002 2972 inventum
1025 2910 1083 2971 est.
1126 2907 1179 2986 45,
1202 2907 1253 2989 23,

129 3004 147 3065 6
165 3027 260 3093 neque
275 3010 433 3073 bonorum
449 3010 609 3090 sociorum
632 3008 790 3073 defuimus
813 3008 930 3090 officio,
953 3008 1008 3072 sed
1025 3031 1044 3073 a
1059 3006 1149 3073 vobis
1164 3029 1254 3091 prae·

133 3107 204 3171 stare
224 3109 376 3193 prohibiti
397 3110 527 3174 fuimus.
808 3102 812 3105 Δ

202 3226 295 3292 Ovid
327 3229 400 3293 fast.
426 3231 453 3306 1,
476 3230 519 3292 42
552 3250 632 3312 quae
660 3229 813 3312 sequitur,
849 3249 982 3292 numero
1015 3228 1109 3291 turba
1140 3231 1254 3292 notate

135 3320 184 3388 luit
201 3329 242 3414 (d.
264 3330 297 3395 h.
322 3329 373 3393 die
394 3329 527 3395 Monate
549 3333 664 3415 tragon
686 3330 770 3395 noch
789 3330 961 3414 jetat‘ihre
982 3328 1131 3414 Numen).
1178 3334 1262 3394 met·

137 3417 368 3502 6156811188
391 3432 452 3496 sibi
464 3432 544 3522 ,risa
566 3432 688 3497 fnisset.
711 3431 778 3497 her.
802 3433 832 3514 l,
859 3432 929 3496 140.

202 3546 282 3615 Sen.
306 3553 409 3615 contr.
432 3550 463 3633 2,
486 3550 518 3633 5,
541 3551 561 3615 6
583 3550 699 3616 hausta
721 3551 791 3618 fuit.
837 3552 866 3632 7,
882 3550 948 3633 2,5
970 3550 1166 3635 proscriptus
1187 3570 1251 3613 non
1286 3589 1291 3593 -

138 3639 192 3710 fnit.
230 3653 258 3730 7,
274 3653 304 3736 7,
324 3654 359 3715 11
383 3655 511 3735 paratus
535 3652 701 3716 fuerat-
724 3647 854 3738 paratds
877 3654 955 3716 erat.
1003 3649 1251 3735 188188881-

138 3739 209 3814 datus
227 3752 285 3817 fui.
333 3753 382 3836 10,
404 3754 435 3835 5,
461 3754 501 3817 10
522 3753 645 3819 solutus
666 3754 724 3819 fui.

201 3868 297 3937 Suet.
321 3871 424 3937 Jul.4
446 3872 587 3937 minatus
609 3873 722 3937 fuerat.
759 3871 851 3938 Eben
873 3893 909 3936 so
934 3872 1019 3956 Aug.
1043 3872 1090 3936 18.
1106 3873 1157 3936 31.
1182 3871 1249 3938 (lai.

8 4032 9 4037 ,
138 3959 159 4023 Β·
182 3970 225 4037 20.
256 3973 345 4039 Nero
367 3973 419 4038 46.
449 3973 500 4038 49.
534 3973 632 4058 Vesp.
661 3974 692 4038 6.
727 3973 832 4038 Galba
858 3975 878 4037 3
911 3973 995 4057 quod
1029 3973 1127 4039 fuerit
1155 3973 1249 4042 visus.

8 4117 10 4122 ι
137 4062 258 4155 411866
280 4078 465 4158 prosecutus
489 4074 609 4139 fnisset.

200 4189 368 4258 Martial
385 4196 412 4274 1,
434 4194 485 4277 44,
511 4195 526 4257 1
557 4194 606 4257 bis
628 4193 688 4257 tibi
710 4193 825 4258 triceni
848 4192 977 4274 fuimns,
1006 4192 1167 4277 Mancino,
1194 4215 1248 4292 vp-

136 4290 191 4373 cati,
211 4299 241 4359 et
261 4296 400 4379 positum
424 4298 472 4360 est
494 4293 588 4359 nobis
610 4294 657 4359 nil
679 4295 754 4359 here
775 4298 900 4379 praeter
922 4316 1045 4379 aprum.

200 4410 326 4499 Nepos
351 4412 399 4497 19,
422 4415 452 4496 4,
474 4414 495 4478 3
523 4413 634 4479 obvius
649 4413 686 4488 ei
708 4413 771 4478 fuit
792 4412 1002 4500 Euphyletus,
1032 4436 1094 4498 quo
1115 4413 1249 4480 familia-
