3022 5070
567 387 604 397 -
651 352 797 415 323-

114 502 196 565 dere.
239 503 293 564 An
321 501 452 564 solchen
482 500 603 564 Stellen
630 505 729 564 setzte
752 501 863 566 (licero
885 503 1078 586 Praeterita,
1106 505 1180 567 weil
1202 504 1258 567 der

115 602 267 666 Godanke
305 624 347 666 an
385 602 446 666 den
486 603 613 666 citirten
646 602 878 667 Schriftsteller
920 605 977 669 ihn
1010 607 1045 670 in
1077 607 1128 669 die
1161 605 1257 669 Ver·

115 703 364 787 gangenheit
393 703 629 771 zurliokfilhrte.
680 703 803 768 Hieran
831 704 978 770 schlieest
1006 706 1074 771 sich
1102 707 1195 771 Tusc.
1224 707 1256 789 5,

116 809 150 893 l,
174 809 213 871 19
236 828 312 871 nam
335 805 410 890 quid
433 804 623 889 profitetur?
668 827 687 868 o
709 805 741 869 di
763 806 852 870 boni!
886 809 1101 892 perfecturam
1124 830 1173 892 se,
1203 809 1259 891 qui

116 909 238 994 legibus
272 907 338 971 suis
366 907 525 991 paruisset
550 911 588 971 ut
615 912 698 971 esset
728 910 840 971 contra
867 909 1031 974 fortunam
1059 931 1184 993 semper
1210 931 1257 974 ar·

116 1015 218 1074 matus
242 1014 298 1074 ctt.
337 1009 411 1091 (Die
433 1007 653 1093 Verheiesung
674 1009 717 1073 iet
738 1008 837 1073 sehon
859 1032 922 1074 von
943 1011 1096 1075 frfiheren
1113 1014 1258 1075 Antoren

117 1113 278 1197 gegeben,
306 1111 406 1175 daher
432 1111 483 1175 die
511 1110 714 1196 Praeterita.)
751 1110 838 1175 Lael.
861 1116 892 1192 ξ.
914 1113 957 1176 46
979 1112 1083 1176 dicere
1105 1114 1197 1176 aiunt
1220 1151 1256 1160 -

116 1215 222 1298 itaque
251 1216 289 1277 ut
316 1213 447 1296 quisque
469 1212 636 1276 minimum
659 1212 821 1277 firmitatis
843 1212 975 1277 haberet
997 1213 1058 1300 (als
1080 1214 1121 1277 ob
1143 1214 1260 1278 dixisse

116 1315 345 1399 voraufginge3
375 1315 461 1377 dann
490 1314 566 1377 aber
587 1313 783 1410 regelreolrt:
813 1335 851 1378 ex
873 1336 911 1378 eo
924 1314 1000 1378 'fieri
1023 1320 1060 1379 ut
1080 1317 1258 1403 quaerant).

117 1457 156 1465 -
171 1417 240 1481 Auf
256 1416 441 1479 Attraction
463 1413 580 1479 beruht
601 1415 677 1478 aber
697 1437 731 1479 n.
748 1415 777 1478 d.
794 1416 825 1499 3,
840 1416 881 1480 28
896 1415 971 1480 huie
992 1416 1062 1480 loco
1083 1418 1130 1481 eic
1151 1417 1260 1482 soletis

118 1538 294 1583 occurrere:
320 1538 387 1581 non
411 1517 529 1581 idcirco
550 1538 616 1580 non
638 1517 760 1600 optime
782 1516 875 1580 nobis
891 1539 910 1580 a
924 1517 985 1580 diis
1001 1539 1070 1582 esse
1085 1520 1258 1603 provisum,

115 1619 198 1704 quod
232 1619 328 1683 multi
364 1639 472 1683 eorum
501 1617 656 1682 beneficio
685 1639 833 1702 perverse
860 1623 1021 1684 uterentur
1051 1619 1179 1706 (wegen
1206 1620 1261 1684 des

118 1719 399 1804 uorsufgehenden
421 1719 545 1783 Infinit.
568 1719 726 1803 perfecti).
796 1781 799 1793 ,

199 1821 268 1886 Aul
288 1822 379 1886 velim
401 1820 486 1904 folgt
508 1822 540 1884 in
565 1821 631 1885 drei
647 1820 770 1885 Stellen
785 1823 837 1885 ein
853 1821 1048 1904 Conjunctiv
1064 1822 1120 1886 der
1134 1822 1261 1887 Neben-

116 1929 275 2007 tempora:
308 1922 347 1986 ad
372 1923 440 1987 Att.
466 1922 520 2004 10,
542 1924 579 2000 8,
604 1923 644 1986 10
666 1943 703 1986 eo
729 1922 826 1986 velim
853 1925 919 1986 tam
947 1923 1034 1987 facili
1056 1924 1103 1986 uti
1125 1945 1261 2006 possem.

119 2030 167 2106 ll,
190 2025 242 2104 24,
264 2026 285 2087 2
307 2023 368 2086 tibi
391 2023 594 2106 potissimum
617 2024 724 2104 velim,
748 2024 775 2087 si
797 2023 882 2087 idem
904 2023 960 2086 illa
982 2024 1087 2088 vellet.
1132 2025 1209 2089 fam.
1231 2026 1261 2105 3,

119 2127 202 2209 13,2
223 2125 320 2189 velim
341 2125 389 2188 ita
411 2125 542 2188 fortuna
563 2124 691 2188 tulisset
712 2123 851 2210 (Baiterr
873 2125 988 2203 vellem,
1013 2126 1089 2189 aber
1111 2148 1154 2191 an
1176 2127 1261 2191 allen

117 2228 182 2292 drei
205 2226 328 2292 Stellen
352 2226 394 2289 ist
416 2225 509 2290 keine
531 2224 712 2311 Variante).

198 2328 292 2393 Genu
318 2327 499 2411 regelreehl
527 2327 586 2392 iet:
619 2327 658 2390 de
687 2348 755 2392 een.
784 2329 822 2409 2,
844 2329 866 2391 4
894 2328 1046 2412 obrepere
1073 2330 1165 2394 aiunt
1192 2352 1262 2394 eam

116 2432 209 2496 citius
231 2451 328 2515 quam
344 2433 511 2510 putassent
533 2427 663 2511 (directz
686 2450 753 2493 non
776 2431 934 2513 putaram,
957 2431 1041 2494 nach
1064 2431 1116 2498 ofl.
1144 2434 1170 2507 l,
1193 2431 1261 2515 23).

198 2531 291 2596 Nech
316 2531 419 2594 einem
443 2528 615 2594 Futurum:
637 2529 671 2593 in
695 2529 758 2594 Pie.
781 2534 812 2612 ξ.
836 2532 877 2594 99
899 2552 960 2594 nec
982 2532 1086 2595 minus
1108 2532 1261 2610 laetabor,

117 2655 187 2699 cum
214 2637 248 2697 te
276 2653 403 2715 semper
431 2631 593 2694 sordidum
622 2653 718 2714 quam
746 2632 773 2695 si
803 2632 978 2715 paullisper
1000 2633 1194 2697 sordidatum
1216 2634 1263 2696 vi-

116 2735 232 2800 derem.
278 2733 388 2797 Wenn
417 2733 467 2796 die
489 2731 603 2796 Lesart
629 2732 749 2818 richtig
774 2734 831 2808 ist,
860 2754 896 2796 eo
923 2754 1010 2798 muse
1037 2756 1108 2799 eum
1135 2737 1264 2799 stattsc'
1322 2799 1326 2804 .

116 2837 227 2901 stehen
257 2835 323 2899 und
350 2836 486 2900 uiderem
515 2832 595 2897 nach
619 2832 777 2919 Analogie
799 2834 856 2897 der
878 2834 961 2899 oben
983 2835 1200 2920 angefllhrten
1222 2836 1263 2900 ir-

115 2939 221 3003 realen
237 2936 538 3021 Bodingungssiitze
560 2935 680 2999 erkliirt
703 2935 841 2999 werden.
879 2936 967 2999 Aber
989 2937 1152 3002 vielleicht
1167 2938 1212 3003 ist
1226 2961 1264 3002 zu

118 3041 221 3104 lesen:
245 3039 355 3103 videro
378 3037 455 3102 oder
476 3036 599 3101 videbo.
691 3057 693 3063 ·

200 3141 230 3206 2.
274 3139 342 3203 Auf
373 3139 424 3203 ein
457 3138 756 3221 Nebentempus
789 3138 875 3222 folgt
903 3138 960 3202 der
987 3138 1181 3222 Gonjunotiv
1209 3141 1263 3204 des

117 3243 328 3322 Praesens,
356 3261 451 3305 wenn
479 3239 699 3318 ausdriloklich
727 3239 915 3303 bezeichnet
936 3240 1063 3304 werden
1086 3240 1146 3304 soll
1153 3289 1162 3322 ,
1191 3240 1264 3304 dass

119 3345 175 3408 der
196 3342 307 3407 Inhalt
329 3341 385 3405 des
406 3340 626 3406 Nebensatzes
648 3341 701 3404 fiir
722 3340 772 3403 die
796 3340 992 3425 Gegenwart
1012 3341 1083 3425 gilt.

201 3443 329 3507 Plaut.
351 3441 465 3505 Pseud.
489 3442 552 3506 195
573 3441 674 3506 Orcus
696 3441 838 3525 recipere
861 3442 900 3505 ed
923 3463 957 3506 se
979 3439 1066 3506 huno
1088 3442 1203 3525 noluit,
1229 3446 1266 3505 ut

117 3552 194 3612 eea
214 3546 283 3627 hic,
306 3543 361 3628 qui
383 3544 517 3608 mortuis
539 3565 651 3615 cenam
674 3549 795 3625 coquat.

203 3645 270 3712 Cio.
301 3667 333 3709 n.
364 3645 394 3707 d.
422 3645 458 3726 2,
489 3646 653 3710 lmollem
681 3644 790 3709 audire
818 3644 960 3722 Cottam,
991 3646 1081 3726 dum,
1112 3667 1174 3727 que
1202 3647 1265 3710 elo·

114 3748 249 3833 quentia
276 3746 376 3811 salsos
405 3745 481 3810 deos
510 3745 655 3824 sustulit,
687 3745 797 3811 eadem
823 3768 915 3812 veros
937 3748 1078 3814 inducat.
1122 3745 1202 3811 Hier
1223 3748 1266 3811 ist

113 3852 152 3915 in
179 3850 307 3915 mollem
336 3869 398 3912 nur
425 3848 481 3911 das
504 3846 628 3912 modale
650 3846 871 3929 Verh'altnies,
899 3847 990 3912 nicht
1011 3848 1066 3912 dae
1088 3849 1265 3931 temporale

114 3949 324 4035 empfunden.
373 3949 465 4013 Eben
495 3970 530 4013 so
562 3948 602 4012 ad
630 3948 705 4012 sam.
742 3949 796 4026 13,
824 3950 861 4029 6,
887 3951 909 4012 4
937 3970 1019 4031 quae
1047 3953 1202 4031 quantum
1230 3950 1265 4013 in

113 4052 283 4138 provincia
310 4042 452 4133 calcarit,
479 4051 586 4116 vellem
613 4054 761 4134 expertus
791 4072 901 4115 essem.
947 4049 1008 4114 Sed
1031 4054 1138 4113 tamen
1162 4051 1264 4134 suspi-

115 4176 171 4220 cor
194 4153 342 4236 (Baiter).
381 4151 443 4217 Mit
464 4151 536 4215 dem
558 4150 718 4217 Indicativ
740 4152 785 4216 im
807 4151 1024 4234 Hauptsetze:
1052 4174 1083 4234 p.
1104 4150 1208 4215 Balbo
1222 4151 1264 4215 27

115 4260 152 4320 et
179 4258 250 4319 erat
276 4275 377 4338 aeque
403 4253 454 4318 lex
482 4256 514 4318 et
542 4252 634 4317 nobis
662 4292 696 4302 -
721 4253 926 4317 vehementer
949 4251 1053 4331 utilis,
1080 4256 1116 4316 ut
1137 4256 1264 4317 nostrae

114 4356 305 4423 inimicitias
332 4355 395 4439 ipsi
422 4355 507 4420 inter
532 4376 591 4423 nos
619 4377 784 4440 geramus,
812 4354 923 4419 amicis
951 4356 1134 4419 nostrorum
1162 4355 1266 4419 inimi·

114 4479 228 4527 eorum
257 4460 480 4541 temperemus.
524 4479 557 4524 n.
580 4456 610 4520 d.
632 4458 670 4540 3,
692 4458 730 4539 4,
754 4457 774 4522 9
796 4457 871 4540 quia
899 4477 966 4521 non
995 4455 1177 4520 confidebas
1199 4459 1266 4520 tem

1005 4557 1061 4609 al*
