2948 5048
565 317 793 380 -219-

102 469 242 553 quadarn
271 468 453 533 sententiae
480 468 662 552 repudiavi5
688 490 783 551 quum
810 468 974 552 sapienter
995 468 1253 553 (repudiaverim)

104 592 172 634 non
194 570 333 653 disputo.
371 569 477 634 deor.
500 570 531 652 2,
554 569 597 635 59
618 573 669 633 est
693 570 790 633 etiem
818 569 1029 633 deformitatis
1056 574 1089 635 61
1102 570 1253 654 'corporis

107 672 261 735 vitiorum
295 670 374 736 satis
407 670 490 735 bella
521 672 655 735 materia
686 670 727 734 sd
759 670 947 754 1666661666
986 670 1040 734 sed
1073 671 1253 755 quaerimus

107 772 210 855 idem,
239 771 325 856 quod
348 772 383 835 in
405 772 518 837 ceteris
539 772 635 836 rebus
656 770 795 836 maxime
816 770 1030 856 quaerendum
1053 775 1117 851 661,
1145 775 1252 856 quate

36 902 43 907 ·
109 896 170 938 nus
193 873 342 955 (materia
364 874 431 956 sit).
458 874 502 952 3,
529 874 566 937 18
589 873 652 937 clia
674 873 760 937 enim
783 877 817 937 et
838 874 923 938 bono
946 876 979 937 61
1001 873 1086 937 mala
1107 872 1255 937 videntur

110 973 227 1040 Stoicis
255 978 289 1038 et
317 974 431 1038 ceteris
458 974 581 1039 civibus
609 974 657 1038 vel
685 975 802 1058 potius
817 975 969 1060 gentibus
992 1010 1032 1022 -
1056 1011 1092 1022 -—
1118 996 1190 1039 vere
1212 997 1253 1039 sn

112 1097 201 1142 secus
227 1075 425 1162 (videantur)
452 1074 534 1139 nihil
562 1075 601 1139 sd
629 1075 691 1139 hoo
717 1079 844 1159 tempus
868 1116 906 1127 —
930 1074 1008 1140 Hor.
1039 1079 1099 1140 661.
1119 1079 1160 1161 μ1,
1181 1077 1212 1159 3,
1234 1077 1255 1140 9

115 1199 206 1262 saepe
233 1177 322 1242 velut
348 1177 402 1260 661
431 1179 581 1242 currebat
606 1176 735 1261 fugiens
762 1175 885 1242 hostem
914 1177 1001 1263 (1.6.
1029 1197 1255 1265 6666666116-

115 1277 183 1362 bat,
209 1278 379 1362 66161661
406 1278 536 1362 fugiens
563 1278 687 1342 hostem
716 1282 880 1361 curreret).
926 1276 1058 1354 Quintil.
1083 1280 1132 1359 11,
1159 1279 1187 1361 1,
1211 1279 1250 1342 61

78 1415 81 1423 ·
118 1381 167 1445 sed
189 1401 258 1444 non
280 1400 405 1463 semper
426 1379 483 1443 1116
503 1381 565 1459 riu,
588 1401 652 1465 666
675 1384 787 1445 contre
808 1378 948 1445 Sassiam
963 1379 1076 1445 (liceto
1098 1402 1175 1444 usus
1198 1383 1256 1464 est,

26 1482 29 1486 ’
116 1501 177 1546 666
207 1482 284 1565 6616
311 1501 377 1545 6ο6
404 1481 458 1545 1116
486 1481 606 1565 optime
635 1480 726 1566 (usus
753 1480 827 1566 sit),
857 1482 910 1545 sed
940 1482 1015 1564 quia
1041 1484 1098 1546 ott.
1148 1481 1255 1546 Veler.

116 1578 197 1647 Max.
220 1585 257 1666 4,
279 1583 315 1661 3,
340 1583 380 1646 14
402 1603 486 1647 unus
513 1582 599 1646 enim
627 1582 951 1667 quisquesesbhis
974 1582 1105 1666 perinde
1128 1582 1257 1647 66616
1307 1618 1309 1622 ·

113 1685 212 1749 sacris
241 1682 372 1747 aedibus
402 1682 607 1769 (abstineret)
635 1685 802 1749 abstinuit
852 1683 941 1749 Lsct
969 1684 1004 1760 2,
1036 1686 1090 1764 lt),
1113 1684 1154 1749 23
1182 1706 1257 1748 nam

108 1787 194 1851 sicut
223 1785 364 1850 universi
393 1806 450 1868 per
476 1785 621 1869 singulos
650 1787 834 1868 interimus,
862 1785 931 1849 fieri
959 1788 1067 1869 potest
1092 1788 1130 1850 ut
1156 1783 1262 1869 aliquo

109 1907 190 1951 casu
218 1907 328 1950 omnes
355 1886 449 1949 simul
478 1887 716 1969 (intereamus).
760 1888 797 1971 3,
823 1887 872 1968 14,
898 1887 937 1951 13
966 1887 1117 1951 studuisti
1145 1907 1261 1970 nempe

103 1986 339 2071 philosophiae
360 1988 404 2051 ’61
434 1987 562 2071 quidem
596 1987 656 2066 616,
693 1992 730 2052 61
759 1987 866 2052 661166
899 2009 1039 2071 unquam
1073 1987 1260 2072 diligentius

102 2088 312 2175 (studuerit).
356 2090 413 2152 An
439 2091 567 2153 erster
589 2088 688 2154 Stelle
716 2089 773 2154 hat
794 2088 935 2153 Lactanz
957 2088 1009 2153 die
1030 2088 1154 2173 Ellipse
1176 2092 1260 2152 trotz

102 2192 169 2256 des
197 2189 414 2274 allgemeinen
442 2188 661 2254 Gebmuches:
697 2191 799 2274 ],10,
826 2189 965 2255 136666
988 2189 1259 2274 661166166116-
1306 2256 1312 2261 ,

102 2295 216 2357 rimus
238 2313 280 2355 an
302 2291 459 2355 maximus
482 2291 566 2376 (sit),
589 2295 674 2356 certe
697 2292 837 2376 optimus
859 2313 926 2356 non
949 2295 1006 2359 661.

200 2393 232 2456 d.
267 2391 344 2456 Das
380 2392 440 2456 als
475 2392 709 2476 unmoglich
743 2393 942 2458 Geduchte
979 2394 1058 2460 wird
1095 2415 1152 2458 aus
1188 2392 1260 2457 dem

108 2493 358 2559 Factischen
391 2498 533 2579 6161661.
583 2494 643 2559 Die
676 2493 800 2579 Ellipse
831 2495 919 2559 kann
952 2497 987 2560 in
1020 2498 1140 2561 diesem
1171 2493 1260 2558 Folle

115 2596 238 2661 sowohl
259 2618 299 2660 en
324 2597 423 2659 erster
444 2595 493 2659 616
514 2616 556 2658 66
578 2596 706 2662 6661161
728 2595 826 2660 Stelle
848 2598 1048 2663 stuttfinden.
1095 2594 1259 2676 11161161).

118 2699 202 2762 Post
228 2699 257 2780 l,
282 2698 296 2761 1
321 2696 349 2760 61
372 2696 545 2759 exstitisset
565 2697 600 2760 in
622 2718 698 2781 rege
721 2698 812 2775 fides,
843 2697 925 2762 nihil
947 2700 1126 2783 sapientius
1146 2698 1261 2762 Postu·

118 2822 168 2863 mo
190 2798 392 2884 (diceretur);
420 2798 496 2881 6616
517 2796 632 2861 fefellit
653 2820 725 2880 rex,
754 2799 836 2863 nihil
859 2799 921 2864 hoo
950 2802 1108 2869 amentius
1130 2799 1258 2864 dicitur.

119 2899 201 2964 Phil.
229 2899 260 2978 2,
287 2900 334 2978 15,
357 2898 407 2965 38.
454 2897 523 2963 Liv.
546 2899 598 2983 34,
620 2900 660 2963 31
689 2900 798 2984 116666
832 2902 858 2965 61
894 2923 954 2987 666
983 2925 1102 2968 nomen
1135 2901 1262 2985 imperii

120 3006 308 3081 mutassem,
341 2998 421 3063 mihi
447 3021 537 3064 mese
565 3000 801 3066 inconstantiae
834 3001 1008 3087 (reddenda
1036 3004 1119 3070 ratio
1147 3002 1262 3088 esset),

120 3123 190 3167 eum
212 3096 277 3166 vos'
290 3102 432 3182 mutetis,
456 3101 546 3166 vobis
568 3105 692 3166 vestrae
713 3103 874 3167 reddenda
896 3105 977 3169 ratio
1000 3108 1060 3169 est.
1106 3103 1163 3168 Bei
1185 3103 1260 3168 Tse.

122 3205 196 3287 Agr.
218 3204 262 3266 44
288 3224 362 3266 nam
392 3203 486 3267 sicuti
514 3203 628 3267 durare
656 3203 691 3268 in
712 3203 798 3269 hanc
827 3205 1004 3270 beatissimi
1031 3204 1129 3270 seculi
1158 3205 1261 3268 lucem

122 3309 174 3369 ott.
197 3306 240 3369 ist
254 3306 331 3368 aber
352 3291 540 3368 schwerlich
562 3305 634 3368 6166
648 3303 771 3389 Ellipse
794 3305 933 3391 (grande
947 3306 1100 3371 solacium
1122 3304 1263 3386 tulisset)

121 3429 157 3470 66
186 3406 358 3489 statuiren,
390 3406 528 3483 eundern
561 3405 715 3470 vielmchr
743 3407 815 3472 eine
843 3407 1019 3472 Textldckc
1053 3409 1132 3490 (nou
1160 3407 1262 3490 cmc)

121 3507 200 3572 nach
222 3509 327 3572 616611.
350 3544 389 3556 -
413 3507 473 3571 Die
495 3506 617 3591 Ellipse
638 3529 680 3571 an
703 3509 864 3572 zweiter
885 3508 998 3574 Stelle:
1026 3508 1092 3573 (lio.
1115 3507 1209 3571 Tusc.
1235 3510 1262 3590 1,

121 3608 326 3693 2611666161
352 3608 431 3674 haec
452 3608 611 3673 Homerus
639 3612 672 3672 et
698 3608 839 3673 humans
860 3611 900 3674 sd
928 3609 1003 3674 deos
1031 3607 1262 3690 transferebat3

122 3710 228 3775 divina
252 3709 381 3774 mallem
409 3713 448 3773 sd
476 3731 535 3774 6ο6
562 3709 820 3796 (1166616116661).
865 3710 939 3776 Τ66.
969 3733 1044 3775 ann.
1076 3711 1123 3792 16,
1145 3711 1185 3775 31
1216 3709 1263 3774 616

121 3833 262 3897 gemmus
274 3815 306 3876 et
318 3814 420 3876 vestes
431 3814 464 3876 et
478 3806 644 3895 dignitatis
655 3810 799 3896 16616616
810 3811 892 3896 dedi,
908 3811 1067 3896 quomodo
1078 3811 1262 3896 (dedissem)

122 3913 147 3976 61
175 3912 365 3998 sanguinem
394 3917 427 3977 et
454 3911 552 3976 vitem
579 3912 811 3995 poposcissent.
864 3912 947 3977 Ρ116.
977 3935 1024 3996 ep.
1052 3914 1083 3994 6,
1106 3913 1180 3995 2,4
1207 3912 1261 3976 sed

123 4019 280 4098 utcunque
302 4034 336 4078 se
351 4012 471 4078 habent
485 4014 557 4093 ista,
582 4014 663 4079 hene
685 4015 763 4079 fecit
777 4013 919 4100 Regulus
934 4015 1018 4099 quod
1033 4019 1082 4079 est
1102 4017 1263 4097 mortuus3

122 4115 230 4181 melius
253 4114 431 4197 (fecisset),
453 4114 480 4179 si
503 4119 578 4179 ante
601 4117 759 4202 (mortuus
781 4104 892 4197 esset).

162 4216 242 4296 ΕΒ.
287 4215 577 4300 Gegenseitige
616 4216 860 4301 Flrgiinuung
897 4216 963 4280 der
1001 4216 1151 4301 Haupt·
1188 4218 1262 4281 und

123 4315 375 4383 Nebenmodi.
1024 4332 1038 4344 ‘

203 4442 231 4485 a.
255 4416 317 4482 Die
327 4417 528 4506 1116166666
543 4418 631 4484 61666
645 4419 871 4505 Hauptmodus
890 4443 946 4486 666
961 4421 1033 4514 dem
1048 4421 1263 4508 Imperstiv
