2926 5070
526 368 573 380 ...
610 329 673 393 223
719 367 754 377 -

76 479 215 546 Infinitiv
238 481 282 544 ist
308 481 460 545 meistcns
483 503 546 546 von
569 461 907 547 demselberi'Genus
930 481 1053 547 Verbi
1077 483 1136 546 wie
1159 483 1215 546 dss
1268 543 1272 551 ,

76 582 222 647 Pridicat
243 582 288 646 im
310 582 518 667 Hauptsutze,
540 583 600 647 wie
622 582 692 648 Lir.
713 584 765 668 43,
792 583 830 648 15
851 587 888 647 ut
909 587 1073 667 praetores
1095 607 1133 649 ex
1156 585 1215 667 his,

75 706 148 767 quas
169 684 392 768 scripsissent,
419 684 618 769 legionibus,
646 706 725 770 ques
754 685 913 749 videretur
941 685 1063 772 (dare),
1092 686 1215 750 consuli

76 785 192 849 darent.
238 783 300 849 Dic
326 785 609 869 passivisehen
630 785 769 851 Formen
799 785 952 851 scheinen
974 787 1126 852 seltener:
1149 787 1214 855 (lic.

76 908 104 951 n.
130 887 159 952 d.
192 886 272 969 2,4
304 890 448 967 senatus,
486 908 564 971 quos
597 888 636 952 ad
671 887 789 952 soleret
823 887 977 972 (referri),
1013 888 1215 953 referendum

77 990 204 1059 censuit
251 989 313 1053 div.
339 991 366 1069 1,
390 989 433 1052 54
455 1009 556 1073 neque
578 990 665 1053 enim
688 989 781 1053 domo
804 988 981 1074 egredienti
1003 990 1131 1073 signum
1154 990 1215 1054 sibi
1314 1010 1318 1013 ’

78 1090 180 1173 ullum,
203 1091 287 1174 quod
310 1089 408 1175 (dari)
430 1095 622 1169 consuesset,
644 1129 686 1140 —
701 1090 822 1156 datum.
861 1088 1082 1170 Ρ1111.1,410
1102 1113 1215 1178 parum

80 1195 149 1275 erat,
172 1191 322 1275 equibus
344 1190 506 1274 debueret,
530 1191 668 1256 adiutus.
704 1191 873 1267 Quintil.
900 1192 1215 1276 1,1,20aliquando

81 1294 140 1375 ipso
159 1292 293 1358 nolente
313 1291 451 1379 (doceri)
474 1294 622 1358 doceatur
644 1294 734 1358 elius.
750 1331 792 1341 —
808 1292 870 1358 Mit
891 1293 1215 1358 verschiedenem

83 1394 179 1460 Genus
202 1393 321 1459 Verbi:
346 1395 480 1477 10,1,4
501 1416 578 1459 nam
599 1395 631 1458 id
652 1395 781 1479 quidem
804 1399 860 1459 aut
882 1395 958 1459 sutis
982 1398 1039 1459 aut
1060 1399 1145 1460 certe
1168 1397 1213 1460 ut'

86 1496 205 1579 (dicere)
219 1498 393 1580 potuimus,
416 1495 536 1562 dictum
552 1500 609 1561 est.
633 1537 671 1546 -
687 1496 770 1561 Eine
785 1496 960 1560 auflassend
982 1497 1078 1581 lange
1092 1496 1214 1581 Ellipse

87 1596 120 1661 ist
143 1599 192 1662 bei
215 1598 281 1664 oie.
312 1597 404 1663 Verr.
431 1598 462 1679 5,
484 1598 523 1662 21
554 1598 662 1682 itaque
689 1601 815 1662 tantum
846 1597 945 1662 veluit
971 1597 1066 1662 istius
1095 1599 1214 1664 decreti

90 1701 259 1782 auctoritas,
290 1702 445 1783 quantum
474 1699 584 1763 debuit
611 1700 678 1764 eius
707 1699 846 1764 hominis
868 1698 922 1784 qui
945 1699 981 1786 (i.
1005 1721 1031 1764 e.
1060 1705 1215 1784 quantum

91 1797 182 1865 debuit
202 1800 308 1865 valere
330 1801 504 1865 auctoritas
526 1801 645 1866 decreti
667 1801 735 1864 eius
757 1801 922 1882 hominis).

156 1902 192 1966 ln
221 1902 278 1966 der
305 1901 407 1986 Rege}
440 1901 528 1966 steht
553 1902 609 1967 das
636 1902 811 1966 Htilfsverb
843 1902 1022 1984 absolut,
1054 1903 1130 1981 wie
1148 1904 1214 1969 Cic.

95 1999 158 2067 Phil.
185 2005 214 2085 8,
239 2005 255 2066 1
280 2024 353 2067 cum
380 2007 510 2068 senatus
538 2024 575 2068 ea
602 2004 702 2069 virtus
725 2004 855 2086 fuisset,
885 2025 966 2089 quae
988 2003 1079 2068 solet.
1124 2002 1214 2069 Docb

96 2100 162 2168 kann
194 2104 250 2169 dns
278 2103 510 2170 Verstr’indniss
538 2106 632 2170 einen
660 2104 774 2170 Zusstz
801 2103 919 2189 nbthig
943 2102 1094 2169 macheu:
1122 2103 1213 2170 Verr.

99 2205 120 2284 1,
136 2205 169 2269 31
195 2206 415 2290 perscribunt,
447 2206 531 2290 quod
566 2213 632 2271 tum
667 2205 825 2291 prohibiti
850 2209 933 2270 sunt.
974 2228 1006 2290 p.
1034 2206 1115 2270 Mur.
1142 2208 1214 2289 2,3

98 2304 185 2398 quibus
205 2308 343 2372 menime
364 2306 470 2376 debes.
514 2307 606 2373 Tuse.
629 2309 658 2386 3,
681 2309 723 2371 22
745 2307 826 2392 qnod
849 2307 932 2371 ratio
954 2306 1115 2386 debueret,
1139 2329 1214 2372 usus

100 2403 175 2476 docet
207 2432 239 2492 p.
264 2408 449 2485 (1111111120
471 2430 542 2473 cum
558 2430 628 2473 eum
645 2408 824 2474 defenderit
843 2409 937 2488 idem,
960 2410 1014 2493 qui
1035 2412 1068 2474 te
1083 2408 1215 2473 solebat.
1275 2497 1276 2501 Ἰ

100 2503 157 2572 biv.
174 2511 224 2594 43,
243 2511 281 2575 17
298 2532 350 2594 ne,
374 2510 460 2596 quod
474 2509 621 2575 hostibus
641 2531 710 2574 mos
731 2513 815 2575 esset
829 2511 1009 2594 (accipere),
1032 2510 1065 2574 id
1080 2513 1213 2594 pacatae

100 2606 213 2676 civitates
240 2612 434 2695 acciperent.
471 2610 537 2677 Oic.
566 2612 603 2676 de
626 2632 671 2676 or.
697 2615 724 2691 1,
747 2613 789 2676 48
816 2612 899 2676 idem
927 2611 1006 2675 mibi
1033 2617 1214 2695 spero'usu

100 2727 149 2773 esse
167 2718 330 2779 uenturum
352 2715 387 2777 in
409 2713 470 2776 hae
492 2713 724 2798 disputatione,
748 2713 833 2798 quod
856 2715 889 2778 in
913 2713 1048 2778 dicendo
1069 2713 1159 2778 solet.

162 2814 219 2880 Der
244 2816 317 2880 eine
344 2813 419 2880 Sata
445 2815 489 2879 ist
516 2815 695 2899 negetis,
724 2815 781 2879 der
807 2814 924 2880 andere
952 2815 1116 2899 positiv:
1146 2814 1212 2880 Cic.

100 2929 124 2991 p.
144 2914 257 2990 Quinot.
289 2917 326 2980 17
356 2916 384 2980 si
418 2916 522 2981 verbis
548 2937 613 2982 aon
640 2916 751 2998 audet,
787 2938 821 2980 re
849 2917 976 2999 quidem
1004 2938 1079 2982 vera
1106 2917 1213 3001 palem

100 3007 217 3094 loquitur,
253 3018 306 3083 off.
332 3019 393 3099 1,7
416 3018 471 3101 qui
493 3018 534 3081 ab
556 3018 605 3100 iis,
628 3018 742 3101 quibus
763 3017 908 3097 infertur,
931 3018 958 3082 si
974 3023 1108 3102 possunt
1127 3019 1213 3104 (pro-

99 3111 222 3204 pulsare),
244 3140 309 3210 reon
330 3119 521 3203 propulsant
542 3119 701 3184 iniuriam.
739 3117 834 3183 Ruso.
850 3121 924 3183 Am.
942 3118 981 3182 10
995 3123 1040 3201 ut,
1063 3121 1212 3202 quoniam

101 3213 203 3300 mnino
224 3242 290 3285 non
312 3223 472 3304 poterant,
497 3224 640 3305 tempore
662 3221 732 3304 ipso
755 3223 947 3304 pugnarent.
992 3243 1022 3304 p.
1045 3220 1149 3285 Balbo
1171 3221 1214 3285 20

100 3317 205 3385 exsistet
225 3342 303 3407 ergo
319 3322 373 3386 ille
395 3322 444 3386 vir
465 3344 636 3407 parumper
644 3322 853 3409 ,cogitatione
867 3324 983 3404 vestre,
1005 3322 1156 3404 quoniam
1179 3343 1213 3385 re

98 3432 146 3480 non
162 3426 271 3506 potest,
294 3422 331 3487 ut
351 3424 556 3507 conspiciatis
578 3446 650 3488 eum
664 3422 836 3490 mentibus.
873 3421 978 3487 Gurt.
1001 3421 1033 3504 6,
1054 3423 1119 3501 3,8
1141 3444 1213 3487 eum

98 3511 154 3582 10111
177 3523 284 3588 bestiis
310 3547 362 3588 res
389 3529 452 3608 est,
482 3547 560 3609 ques
588 3519 698 3608 captas
726 3528 759 3588 et
785 3523 940 3606 inclusae,
970 3523 1046 3607 quia
1072 3523 1211 3606 ipsarum

96 3621 184 3686 natura
204 3646 272 3689 non
294 3629 414 3709 potest,
436 3625 564 3711 longior
586 3625 653 3690 dies
675 3626 814 3710 mitigat.
859 3624 943 3690 Seu.
967 3624 1006 3688 de
1028 3645 1116 3708 prov.
1139 3625 1170 3705 3,
1192 3625 1213 3686 5

95 3723 302 3811 ecclegem,
336 3748 431 3811 quem
459 3731 582 3792 armata
609 3748 704 3791 manu
731 3748 795 3791 non
823 3727 943 3810 potuit,
971 3729 1083 3789 exusta
1108 3725 1212 3809 fugat.

93 3816 204 3892 lustin
235 3831 262 3912 l,
285 3830 308 3893 4
331 3850 370 3892 ne
398 3829 569 3910 ultionem,
597 3850 691 3912 quem
719 3851 739 3892 a
766 3831 857 3913 patre
889 3848 957 3892 non
984 3827 1158 3910 potuisset,
1194 3849 1213 3889 a

93 3923 214 3994 ministro
235 3930 387 4015 exigeret.
425 3930 531 3994 Luci.
553 3931 687 4010 2,1,17
713 3934 748 3993 ut
770 3929 882 4012 Deum,
906 3949 998 4011 quem
1023 3927 1123 3992 oculis
1145 3947 1211 3991 non

93 4043 251 4115 possumus,
274 4032 384 4096 animo
407 4031 669 4116 contemplemur.

156 4129 232 4196 Zum
260 4132 443 4197 Ueberfluss
477 4132 555 4195 wird
589 4132 660 4196 dem
694 4131 896 4216 elliptischen
926 4131 1019 4197 Sstze
1051 4131 1108 4197 das
1137 4133 1211 4197 0b·

84 4227 152 4308 ject
175 4233 354 4318 beigefilgt:
382 4232 449 4298 Cic.
474 4232 564 4297 Verr.
587 4233 612 4316 I,
634 4232 675 4296 26
704 4237 798 4318 rogat
819 4233 993 4317 Rubrium,
1021 4239 1058 4298 ut
1084 4237 1213 4317 quosei
1327 4233 1333 4240 ’

84 4336 266 4399 commodum
290 4335 350 4417 sit,
380 4334 506 4399 invitet.
544 4355 593 4417 ep.
616 4334 659 4397 44
681 4339 718 4399 111
739 4335 847 4399 liberis
870 4336 938 4400 eius
960 4336 1046 4400 bona
1072 4336 1211 4420 eriperes
1252 4365 1259 4382 ·

81 4436 109 4495 et
129 4435 174 4498 eui
202 4438 256 4500 tibi
286 4439 372 4500 esset
397 4435 614 4518 commodum,
646 4436 848 4501 condonares.
895 4439 933 4502 de
955 4460 999 4502 or.
1027 4439 1054 4517 1,
1076 4437 1118 4503 38
1141 4459 1211 4502 cum
