2926 5070
714 278 945 342 -226-

256 430 371 498 sentio.
415 428 498 495 Phil.
521 430 744 512 2,5,101ο1
766 429 914 493 tractabo
937 433 974 493 ut
996 429 1174 493 consulem:
1198 420 1238 494 nc
1261 430 1316 495 ille
1337 433 1404 515 qui·

256 532 328 595 dem
351 553 401 596 me
424 534 460 594 ut
482 529 682 594 consularem
705 529 892 617 (tractavit).
931 531 1031 598 Plin.
1058 533 1191 631 1³⁸an
1218 535 1310 615 pater
1331 537 1404 598 tuus

255 634 365 698 usibus
381 633 446 696 suis
463 630 662 712 detrahebat,
684 653 765 715 quae
779 632 910 696 fortuna
925 632 1068 699 dederat:
1092 638 1127 699 tu
1143 634 1206 699 tuis
1223 634 1404 720 (detrahis),

255 736 338 820 quod
363 739 454 819 pater
476 733 600 826 (dedit).

340 838 372 923 c)
405 837 476 901 mit
509 835 875 901 Verschiedenhcit
914 838 980 901 des
1019 837 1175 921 Modus,
1219 838 1320 903 wobei
1353 840 1403 904 die

255 939 377 1022 hlllipse
413 938 617 1023 gewdhnlich
650 961 692 1001 an
725 940 886 1003 aweiter
913 939 1010 1004 Stelle
1043 939 1238 1005 vorkommt:
1273 940 1341 1006 cic.
1373 964 1402 1025 p.

256 1038 364 1123 Dejot.
387 1041 408 1103 4
436 1041 470 1103 in
496 1062 590 1125 quem
620 1062 692 1105 cunr
715 1040 759 1104 dii
782 1045 876 1125 11111
905 1042 1050 1106 homines
1076 1044 1186 1108 omnia
1213 1047 1403 1108 ornamenta

256 1144 509 1227 congessissent,
539 1146 607 1207 tum
633 1147 670 1206 tu
696 1143 765 1226 ipse
787 1144 925 1227 plurima
946 1148 979 1208 et
1003 1145 1143 1208 maxima
1172 1147 1402 1230 (congessisti).

255 1245 311 1310 fin.
336 1245 366 1327 2,
391 1248 419 1327 1,
442 1245 462 1308 2
484 1245 567 1329 quod
592 1266 664 1308 cum
686 1244 850 1324 dixissent,
874 1244 928 1309 ille
951 1250 1063 1311 contra
1087 1247 1207 1331 (dixit).
1230 1248 1262 1330 2,
1288 1248 1338 1326 12,
1363 1248 1404 1311 35

256 1369 328 1412 curn
350 1384 391 1394 -
414 1347 556 1426 dixisset,
573 1340 607 1409 Χ11
630 1368 700 1410 eam
723 1346 842 1432 (dixit).
882 1346 963 1412 Phil.
986 1349 1016 1428 2,
1039 1349 1082 1413 30
1104 1370 1179 1413 nam
1201 1348 1285 1433 quod
1308 1371 1402 1432 quae·

254 1450 361 1532 rebas,
396 1470 458 1533 quo
492 1449 586 1512 modo
619 1448 787 1513 redissem:
821 1449 926 1532 prima
958 1449 1028 1514 luce
1060 1451 1177 1534 (redii).
1228 1448 1336 1514 Suet.
1365 1451 1403 1514 de

255 1574 390 1637 gramm.
423 1550 444 1614 2
472 1555 508 1614 nt
535 1551 676 1615 carmina
708 1572 821 1635 parurn
850 1551 954 1616 adhuc
989 1551 1152 1636 divulgata
1181 1590 1220 1600 —
1249 1557 1403 1617 retracta·

255 1658 328 1718 rent
356 1675 394 1718 ac
420 1692 458 1701 -
489 1653 600 1717 ceteris
628 1656 708 1717 nota
734 1652 893 1735 facerent3
923 1657 958 1716 ut
986 1652 1023 1719 Ο.
1046 1653 1199 1719 Octavius
1227 1654 1402 1737 Lampadio

254 1756 368 1823 Naevii
397 1756 554 1820 Punicum
588 1754 714 1819 bellum.
745 1792 787 1804 -
813 1754 936 1838 Ellipse
965 1778 1006 1819 an
1035 1761 1165 1820 crater
1194 1756 1309 1821 Stellc:
1339 1757 1401 1821 Cic.

253 1882 285 1942 p.
315 1858 397 1924 ltab.
426 1858 513 1925 Post.
546 1860 572 1937 1,
599 1860 613 1919 1
650 1862 688 1940 (ss
717 1856 800 1920 oben
829 1861 924 1922 unter
951 1860 992 1940 A,
1023 1858 1067 1945 d).
1112 1857 1194 1921 Phil.
1224 1858 1253 1937 2,
1277 1859 1330 1941 29,
1354 1860 1402 1923 71.

254 1961 323 2024 hiv.
353 1962 405 2043 34,
426 1961 466 2025 31
497 1960 604 2042 itaque
638 1958 666 2022 si
700 1980 760 2044 ego
788 1981 907 2024 nornen
941 1960 1067 2042 imperii
1101 1964 1291 2044 mutassem,
1324 1960 1401 2024 mihi

254 2084 344 2126 meae
373 2060 607 2126 inconstantiae
636 2060 811 2143 (reddenda
833 2062 915 2125 ratio
938 2065 1049 2143 esset):
1080 2083 1152 2126 cum
1179 2084 1235 2127 vos
1262 2063 1402 2144 mutetis,

253 2165 345 2230 vobis
368 2167 491 2228 vestrae
507 2162 668 2226 reddenda
690 2162 772 2226 ratio
794 2166 852 2226 est.
872 2201 905 2210 —
925 2162 1064 2227 Hierher
1084 2165 1199 2248 gehitrt
1214 2164 1291 2228 aber
1312 2164 1403 2229 nicht

254 2266 322 2331 Cic.
347 2268 422 2335 l'am.
445 2266 475 2349 4,
500 2265 548 2347 12,
570 2264 591 2328 2
612 2263 667 2348 qui
689 2263 769 2328 haec
791 2266 956 2329 nuntiaret
978 2268 1011 2329 et
1031 2269 1161 2350 rogaret
1182 2266 1230 2329 uti
1252 2266 1400 2331 medicos.

255 2368 355 2455 Coegi
379 2373 435 2434 ctt.
480 2366 677 2451 Unmitglich
700 2367 787 2431 kann
810 2367 880 2431 hier
902 2388 1037 2450 cuperem
1060 2368 1169 2431 hinter
1189 2370 1324 2433 mediam
1346 2390 1402 2432 aus

254 2471 326 2535 dem
349 2468 526 2554 folgenden
544 2471 626 2552 coepi
648 2473 784 2552 erganat
806 2470 942 2548 werden,
966 2469 1105 2533 sondern
1126 2469 1186 2533 wir
1203 2469 1310 2534 haben
1334 2470 1403 2534 hier

254 2573 325 2636 cine
343 2574 437 2656 jener
459 2572 590 2635 lrdhnen
608 2569 854 2635 Ciceronischen
876 2570 1020 2654 Ellipsen
1044 2572 1089 2634 im
1112 2571 1282 2635 einfachen
1299 2572 1401 2650 Satze,

256 2675 314 2738 wie
337 2675 383 2737 sie
407 2680 436 2754 ὅ.
462 2673 522 2736 116
545 2671 734 2755 aufgefdhrt
754 2673 836 2736 sind.

337 2776 367 2838 5.
404 2773 558 2857 Ellipse
588 2773 654 2836 des
678 2775 809 2837 Genus
832 2774 951 2838 verbi.
997 2774 1208 2840 Gewdhnlich
1231 2777 1309 2840 wird
1334 2777 1403 2842 hier

254 2899 310 2941 aus
342 2876 412 2940 dem
439 2875 549 2939 Passis
577 2878 632 2938 das
656 2877 775 2939 Activ
803 2881 937 2961 erg'anzt
964 2876 1027 2940 und
1057 2899 1142 2941 zwar
1169 2900 1211 2942 au
1238 2879 1403 2944 aweiter

254 2979 352 3044 Stelle
380 2978 444 3042 und
468 2977 518 3041 bei
547 2976 864 3042 subordinirtem
887 2979 1191 3060 Satzverh'altnissc,
1221 2981 1324 3045 wobei
1351 2982 1403 3045 dic

252 3080 374 3165 Ellipsc
402 3081 447 3144 im
468 3078 500 3143 N
507 3079 606 3143 eben
615 3082 682 3143 satz
710 3080 958 3144 vcrzulrommen
987 3080 1097 3165 pflegt.
1127 3081 1202 3146 Ἰ011
1228 3083 1273 3146 111
1301 3082 1403 3147 damit

253 3185 306 3247 ein
328 3183 470 3247 modaler
491 3183 569 3246 oder
591 3182 784 3266 temporalcr
807 3182 973 3264 Wechsel,
1000 3182 1154 3247 zuwcilen
1187 3184 1269 3248 anch
1292 3184 1402 3250 beides

253 3285 398 3370 zugleich
424 3284 619 3348 verbunden.
651 3321 689 3331 —
713 3283 821 3348 Salten
850 3285 893 3348 ist
920 3285 970 3348 dic
999 3286 1198 3370 Ergdnzung
1225 3286 1282 3350 des
1310 3286 1402 3351 Pas-

253 3388 335 3452 sivs
365 3409 422 3451 aus
452 3388 523 3451 dem
546 3387 658 3450 Activ:
692 3386 759 3450 Cic.
784 3384 874 3450 Brut.
899 3387 940 3450 93
968 3389 1022 3470 qui
1044 3388 1186 3451 animum
1209 3387 1296 3468 eius,
1325 3411 1401 3472 quo·

253 3514 378 3575 cunque
400 3512 451 3554 res
474 3491 561 3574 (eum
584 3489 718 3576 impelli)
743 3488 927 3574 postularet,
948 3488 1136 3573 impelleret.
1181 3488 1261 3553 Liv.
1285 3490 1337 3573 43,
1364 3492 1400 3554 17

252 3617 294 3660 ne
317 3594 388 3678 quis
404 3592 501 3656 ullam
524 3614 590 3656 rem
614 3592 649 3656 in
665 3590 783 3654 bellum
799 3591 1039 3677 magistratibus
1054 3591 1209 3655 Romanis
1231 3592 1401 3676 conferret,

253 3700 477 3781 praeterquam
508 3693 591 3778 quod
614 3693 781 3779 (conferri)
810 3697 940 3758 senatus
969 3693 1153 3775 censuisset.
1206 3693 1293 3759 Tac.
1324 3693 1400 3758 hist.

255 3802 282 3879 1,
300 3798 341 3863 83
364 3798 518 3861 tumultus
539 3796 677 3880 proximi
700 3796 827 3859 initium
849 3818 916 3859 non
939 3796 1111 3879 cupiditate
1135 3795 1185 3860 vel
1206 3795 1280 3859 odio
1303 3797 1400 3882 (exci-

252 3904 355 3965 tatum
379 3904 439 3981 est)
466 3937 500 3948 —
525 3898 626 3962 nimia
653 3898 757 3981 pietas
780 3901 884 3962 vestra
912 3899 1015 3963 acrius
1043 3921 1138 3983 quarn
1167 3899 1400 3981 consideratius

253 4003 412 4068 excitavit.
462 4002 554 4085 Nep.
579 4003 646 4069 Att.
672 4001 721 4082 13,
745 4000 856 4064 411111
883 4001 1134 4084 intemperanter
1162 4002 1400 4085 concupiscere,

253 4104 379 4190 quoda
406 4103 551 4188 plurimis
581 4103 791 4187 (concupisci)
823 4103 938 4167 videas.
984 4103 1088 4167 Lact.
1112 4104 1142 4186 3,
1165 4103 1196 4185 4,
1219 4105 1239 4166 3
1268 4104 1301 4167 11
1331 4105 1402 4188 ipsa

252 4207 401 4290 ponimus
435 4205 623 4270 veritatem?
661 4206 696 4269 in
729 4205 876 4269 omnibus
910 4209 993 4269 certe
1027 4225 1094 4270 non
1124 4207 1240 4289 potest.
1271 4241 1307 4252 -
1342 4203 1402 4270 Bci

253 4307 541 4372 coordinirtem
558 4306 844 4372 Satzverhaltnisse
859 4329 921 4371 nur
935 4306 1221 4371 ausnahmsweise:
1238 4305 1306 4371 Cic.
1322 4305 1403 4376 iam.

255 4410 303 4491 11,
325 4409 374 4491 10,
397 4408 419 4470 4
440 4408 495 4470 sed
518 4429 620 4491 neque
643 4407 773 4472 Caesari
795 4408 945 4491 imperari
966 4411 1074 4492 potest
1096 4429 1156 4472 nec
1171 4407 1292 4473 Caesar
1315 4430 1406 4474 erer-
