2926 5070
592 327 818 390 -301-

133 480 250 544 mentis
272 479 369 543 etiam
392 478 526 542 dedendi
548 478 688 545 fuerunt.
732 478 782 542 Im
806 477 1101 543 Relativsatze:
1132 478 1216 546 Cael.
1238 479 1278 542 ad
1363 549 1365 553 ,

134 582 209 645 iam.
233 580 265 662 8,
289 580 330 644 14
351 601 450 663 prope
472 579 591 643 oblitus
614 601 694 658 sum,
717 579 800 664 quod
822 581 961 644 maxime
983 579 1045 643 fuit
1067 578 1279 644 scribendum.

132 685 202 747 Att.
225 682 257 763 8,
280 683 312 761 3,
334 683 355 746 3
378 703 459 766 quae
488 681 634 746 condicio
664 702 729 744 nou
759 682 944 766 accipienda
971 682 1035 745 fuit
1055 682 1162 765 potius
1185 703 1278 765 quam

131 783 341 867 relinquenda
362 783 488 867 patria?
941 790 944 794 ’

216 884 284 949 Das
307 883 750 968 plusquamperfectum
779 884 866 949 steht
887 884 1040 949 uuwcileu
1062 884 1119 966 da,
1149 906 1199 948 wo
1222 885 1278 948 das

133 988 308 1071 Imperfect
329 986 405 1051 oder
428 985 555 1050 Perfert
575 993 726 1071 geuiigeu
748 988 872 1051 wdrde:
895 986 963 1051 Cic.
986 1009 1017 1069 p.
1041 985 1122 1051 Mur.
1145 987 1187 1051 25
1209 989 1277 1049 turn

131 1090 238 1172 erupit
264 1091 440 1172 esenatu,
475 1087 677 1170 triumphans
711 1088 844 1173 gaudio,
880 1110 974 1171 quem
1007 1089 1138 1153 omniuo
1171 1088 1278 1152 vivum

132 1190 221 1254 illinc
236 1191 323 1253 exire
344 1211 411 1253 non
433 1192 627 1273 oportuerat.
672 1189 755 1253 Phil.
776 1190 838 1272 1,4
859 1211 1050 1274 quamquam
1071 1212 1184 1273 parum
1199 1193 1278 1267 erat,

132 1292 288 1376 aquibus
311 1291 474 1373 debuerat,
497 1290 634 1360 adiutus.
679 1291 770 1356 Ovid.
792 1291 860 1356 her.
886 1293 933 1372 12,
957 1292 977 1356 3
1000 1293 1086 1375 1111,
1113 1313 1194 1375 quae
1217 1292 1277 1356 dis·
1341 1306 1345 1312 ’

130 1397 272 1478 pensant
292 1393 441 1457 mortalia
463 1393 531 1457 fata
546 1414 670 1457 sorores
693 1393 869 1457 debuerant
890 1393 980 1457 fusos
1003 1392 1158 1458 evoluisse
1181 1415 1277 1457 meos.

132 1493 213 1558 Vell.
240 1495 368 1577 2,·115,
391 1496 412 1559 3
439 1494 481 1558 ob
509 1516 560 1572 ea,
594 1516 675 1578 quae
708 1495 736 1558 si
769 1495 905 1578 propriis
933 1495 1085 1579 gessisset
1117 1495 1277 1579 auspiciis,

131 1595 329 1680 triumphare
345 1595 508 1678 debuerat,
531 1598 730 1661 ornamentis
744 1596 989 1681 triumphalibus
1012 1634 1048 1645 -
1066 1597 1276 1661 (1010110001.

130 1697 162 1781 2,
185 1699 235 1777 85,
260 1699 280 1762 3
308 1701 341 1761 01
370 1697 559 1781 imperator,
594 1697 648 1781 qui
681 1699 715 1761 in
752 1698 929 1763 desertores
958 1699 1080 1762 saevire
1113 1698 1276 1781 debuerat,

131 1794 273 1864 desertor
289 1799 447 1863 exereitus
469 1799 518 1863 sui
533 1799 638 1863 factus
660 1802 719 1863 est.
765 1799 855 1865 Curt.
878 1801 909 1884 3,
924 1801 955 1882 4,
972 1802 992 1864 5
1007 1804 1093 1864 retro
1108 1800 1276 1881 concessit,

132 1901 303 1984 populator
324 1905 444 1983 terrae,
474 1922 568 1983 quam
592 1923 611 1964 a
637 1901 898 1984 populationibus
926 1901 1096 1965 defendere
1122 1895 1279 1964 'debuerat

130 2002 226 2086 (doch
255 2002 335 2067 licst
362 2023 437 2065 man
467 2002 565 2084 jetzt:
602 2001 760 2086 debebat).
810 2002 926 2067 Juven.
954 2002 983 2080 3,
1009 2002 1069 2065 163
1102 2001 1278 2066 debuerant

129 2104 207 2168 olim
240 2107 353 2168 tenues
392 2103 547 2187 migrasse
584 2101 735 2178 Quirites.
789 2103 851 2167 Mit
884 2101 955 2167 dem
995 2102 1277 2167 Gerundivum:

130 2205 197 2270 1111.
226 2207 279 2286 35,
303 2207 343 2270 37
375 2207 520 2269 01111010
546 2204 671 2283 habita,
701 2205 806 2288 qualis
834 2204 984 2269 habenda
1011 2203 1052 2268 ab
1079 2205 1277 2269 Alexameno
1380 2202 1383 2207 ’

129 2307 245 2388 fuerat,
268 2306 418 2371 societati
433 2306 634 2371 Achaeorum
657 2306 928 2371 Lacedaemonios
951 2304 1105 2372 adiunxit.
1129 2305 1203 2370 Seu.
1227 2328 1276 2389 ep.

129 2410 181 2491 77,
203 2409 223 2472 3
247 2407 326 2489 hoc,
351 2410 478 2473 etiamsi
500 2431 597 2472 senex
619 2430 686 2472 uon
708 2429 827 2488 essem,
850 2409 957 2471 fuerat
978 2407 1191 2471 sentiendum.

216 2509 292 2577 Wie
307 2531 369 2574 von
379 2530 480 2592 posse,
504 2512 653 2574 hominen
675 2510 752 2574 aber
767 2508 849 2573 auch
865 2531 929 2573 von
944 2509 1050 2573 debere
1072 2507 1104 2570 iu
1119 2509 1277 2593 gewissen

129 2610 242 2676 Fauen
266 2611 667 2696 Oonjunetivformen
695 2611 739 2676 im
762 2611 960 2694 Hauptsatzc
988 2630 1059 2690 101,
1089 2608 1277 2675 schwerlieh

130 2713 175 2777 im
192 2713 402 2796 Praesens,
426 2714 527 2777 wofur
547 2712 599 2776 ich
615 2735 676 2776 nur
691 2713 850 2777 aufhhren
872 2712 960 2775 hanu
976 2712 1070 2775 einen
1086 2709 1277 2776 uusioheren

131 2814 333 2899 Potentialis,
355 2815 440 2879 noch
464 2815 545 2879 dasu
566 2815 610 2878 im
633 2813 863 2878 Relativsatme:
887 2814 941 2877 off.
966 2815 993 2891 1,
1017 2811 1048 2894 9,
1070 2813 1111 2877 28
1134 2812 1276 2877 discendi

131 2918 216 2981 euim
231 2917 338 2982 studio
353 2916 508 3000 impediti,
532 2937 611 3001 quos
626 2917 709 2981 tueri
725 2917 864 2981 debcant
878 2917 933 3002 (al.
949 2916 1093 2999 debent),
1117 2915 1276 2980 deserunt.

131 3017 254 3083 Vorher
279 3018 428 3082 ebeudas
451 3018 550 3083 durch
577 3017 881 3083 Modusattraction:
913 3021 950 3081 ut
975 3039 1039 3099 eos,
1070 3039 1150 3101 quos
1177 3019 1275 3080 tutari

133 3120 282 3200 debeant,
317 3120 458 3185 desertos
485 3141 553 3185 esse
589 3120 761 3204 patiantur.
816 3119 1102 3184 Gerundivum:
1130 3141 1162 3181 u.
1192 3120 1221 3183 d.
1244 3119 1276 3198 2,

136 3223 183 3304 13,
195 3223 238 3287 36
252 3242 357 3304 neque
373 3222 469 3303 enim,
485 3222 512 3285 si
528 3221 676 3305 stirpium
692 3222 805 3286 similis
820 3221 864 3285 sit
878 3220 1053 3303 —optima
1068 3219 1211 3302 putanda
1225 3219 1277 3283 sit.

214 3322 371 3407 Hiiufiger
398 3323 455 3388 der
483 3322 722 3406 Gonjuuctiv
748 3323 813 3386 des
841 3321 1077 3404 imperfecta
1110 3321 1169 3385 mit
1196 3320 1277 3385 Her·
1345 3331 1348 3337 '

133 3422 320 3509 vorhebung
343 3424 398 3488 der
419 3423 736 3490 Nichtwirlrliohheit
757 3425 792 3487 11
814 3424 869 3487 der
892 3423 1101 3507 Gegenwart:
1126 3422 1216 3487 Verr.
1234 3422 1276 3507 11,

136 3529 148 3590 1
178 3530 207 3607 ἕ.
235 3528 277 3591 70
304 3521 384 3609 quae
412 3527 438 3590 si
468 3527 601 3609 diceret,
634 3531 743 3591 tameu
771 3525 895 3610 ignosci
928 3546 995 3588 nou
1028 3528 1192 3609 oporteret
1219 3528 1275 3589 ott.

130 3631 160 3708 ξ.
193 3628 250 3691 107
280 3628 366 3711 quod
394 3629 421 3692 si
450 3630 496 3692 ita
523 3629 669 3710 fecisset,
698 3630 806 3692 tameu
837 3667 874 3675 -
904 3627 987 3691 nihss
1015 3627 1054 3691 de
1082 3617 1276 3691 testimeuto
1389 3679 1399 3690 .

130 3730 217 3794 illius
238 3729 315 3794 1011
338 3729 420 3793 iuris·
433 3730 584 3794 constitui
599 3731 768 3812 oporteret.
792 3730 821 3807 2,
837 3728 867 3810 6,
886 3730 925 3793 15
946 3729 974 3792 si
992 3729 1039 3792 ita
1054 3732 1146 3809 essct,
1168 3732 1277 3792 tamen

129 3853 188 3895 100
220 3868 262 3878 -
302 3831 461 3898 sociorum
494 3831 707 3914 querimonias
746 3830 854 3895 audire
894 3832 1065 3912 oporteret.
1114 3832 1145 3910 §-
1174 3829 1216 3893 99
1248 3829 1276 3892 01

130 3933 306 3998 manifesto
328 3932 362 3995 in
384 3933 541 3998 maleficio
564 3935 742 4015 teneretur,
773 3936 899 4012 tamen,
929 3952 1000 3996 oum
1023 3933 1190 4002 accusator
1211 3952 1276 3996 nou

129 4035 264 4118 adesset,
288 4032 458 4099 Sthenium
481 4035 685 4099 condemnari
708 4055 773 4098 101
795 4036 964 4117 oporteret.
1003 4033 1035 4114 3,
1051 4033 1104 4113 40,
1121 4033 1160 4096 91
1184 4033 1211 4097 si
1233 4033 1275 4111 id,

128 4138 214 4222 quod
235 4137 373 4200 maxime
387 4138 458 4219 ¹vis,
487 4158 596 4220 posses
618 4136 754 4220 probare
778 4173 815 4182 -
840 4141 948 4198 tamen
970 4132 1031 4198 hae
1058 4134 1213 4216 pecuniae
1236 4172 1275 4183 —

128 4239 193 4304 tibi
215 4237 320 4302 fraudi
336 4241 369 4302 et
383 4238 583 4302 damnationi
605 4259 674 4303 esse
688 4237 850 4302 deberent.
888 4237 920 4317 4,
936 4236 987 4315 31,
1004 4236 1046 4299 70
1060 4236 1086 4299 01
1102 4235 1196 4299 iudex
1211 4257 1275 4300 non

128 4361 217 4406 esses
239 4378 281 4388 -
303 4343 336 4403 te
356 4339 558 4423 potissimum
580 4339 640 4404 hoc
662 4339 809 4423 persequi
832 4341 1000 4422 oporteret.
1039 4360 1069 4421 p.
1094 4336 1221 4402 Cluent.
1243 4338 1275 4419 6,

131 4442 174 4506 18
197 4440 275 4506 mihi
302 4440 469 4526 ignoscere
496 4463 563 4505 non
586 4441 759 4520 deberetis,
782 4441 810 4504 si
831 4444 980 4505 tacerem.
1004 4463 1034 4524 p.
1058 4439 1157 4504 Arch.
1181 4440 1210 4519 8,
1237 4442 1274 4504 17
