2926 5070
522 324 669 387 -243
716 362 749 371 -

144 493 173 540 a.
202 472 259 537 das
288 473 526 557 Imperfect:
556 496 586 558 p.
608 474 677 539 Mil.
700 476 743 540 35
765 498 836 540 eam
862 498 955 542 -se
983 478 1097 543 fecisse
1124 500 1208 545 cum·

57 579 219 638 memorat
240 578 277 638 ut
292 577 365 639 'non
386 576 481 640 modo
503 576 620 641 virtute
641 576 799 656 flecteret,
822 577 877 642 sed
901 578 997 644 etiam
1020 580 1122 643 tribus
1145 581 1210 644 suis

59 676 267 758 patrimoniis
290 675 453 740 deleniret.
491 701 523 761 p.
547 676 650 741 Balbo
673 680 723 761 11,
747 679 799 745 28.
836 678 929 743 Tusc.
952 680 983 761 4,
1005 680 1057 759 38,
1080 681 1132 747 82.

145 778 175 840 b.
198 778 257 843 das
285 777 498 857 Praesens,
528 799 622 841 wenn
646 779 702 843 der
724 779 804 843 Sinn
827 801 861 843 es
884 780 1050 864 erfordert,
1075 783 1136 847 wie
1158 783 1210 850 off.

63 879 97 960 2,
120 880 160 942 16
182 879 332 964 intelligo
359 880 394 943 in
422 882 537 956 nosba·
559 879 687 944 civitate
715 883 912 946 inveterasse.
929 881 993 945 iam
1016 881 1110 953 bonis
1131 887 1209 948 tem·
1345 885 1346 892 ’

64 980 189 1062 poribus
217 982 254 1042 111
283 979 435 1063 splendor
463 978 662 1045 aedilitatum
691 983 732 1046 sb
759 982 889 1066 optimis
920 983 995 1053 siris
1022 984 1209 1067 postuletur.

67 1080 137 1146 fsm.
162 1082 212 1159 15,
240 1081 288 1159 13,
311 1080 341 1145 2.
1078 1135 1080 1139 .

147 1205 174 1247 c.
197 1184 254 1247 das
274 1181 301 1251 P
308 1183 367 1246 erl
373 1186 436 1247 ect
455 1168 499 1247 ist
513 1183 709 1267 wenigstens
730 1183 781 1247 bei
796 1183 986 1252 Klsssikern
1006 1184 1097 1250 nicht
1115 1186 1210 1252 nach·

72 1285 240 1366 suweisen,
269 1282 354 1347 deun
383 1283 464 1348 such
487 1283 553 1350 cie.
578 1306 608 1367 p.
631 1283 700 1348 Mil.
723 1285 773 1363 31,
797 1285 837 1349 87
860 1286 940 1352 wird
958 1288 1040 1370 jctzt
1061 1289 1212 1370 acciperet

73 1385 199 1468 gelesen.
252 1384 408 1469 Dsgegcn
438 1384 606 1460 Quintil.
636 1386 665 1449 8.
696 1405 836 1468 prooem.
853 1386 886 1452 ‘3
914 1387 998 1459 unde
1026 1389 1211 1454 existiment

76 1486 216 1552 accidisse
250 1490 287 1551 ut
314 1485 370 1571 qui
397 1479 638 1569 diligentissimi
666 1486 781 1555 artium
810 1488 981 1571 scriptores
1011 1491 1211 1575 exstiterunt,

79 1587 109 1651 ab
129 1588 309 1672 eloquentie
331 1587 519 1671 longissime
539 1589 670 1669 suerint.

148 1689 176 1753 2.
204 1689 408 1759 Iudirecte
436 1687 609 1773 Fregen:
644 1711 671 1753 a.
701 1686 1041 1774 Nebentempora,
1071 1691 1129 1755 wie
1159 1691 1210 1756 bei

82 1788 125 1852 der
143 1790 394 1874 regelmdssigeu
408 1790 588 1855 'cintacben
612 1788 874 1873 Abhingigkeit:
897 1814 928 1874 p.
945 1791 1027 1856 Mur.
1043 1797 1073 1874 ξ.
1090 1793 1129 1856 27
1147 1793 1211 1856 iam

84 1889 145 1954 illud
170 1891 248 1956 mihi
271 1890 398 1974 quidem
426 1892 543 1955 mirum
566 1893 665 1958 videri
688 1891 783 1967 solet,
812 1896 863 1958 tut
883 1892 1029 1956 homines
1051 1931 1093 1941 —
1115 1895 1211 1957 etism

85 2010 155 2057 nuuc
176 1996 318 2059 statuere
341 2013 406 2055 non
429 1993 581 2076 potuisse,
604 1998 711 2057 utrum
730 2016 852 2058 —rem
875 2016 918 2057 an
939 1993 1028 2058 litem
1044 1993 1105 2059 diei
1122 2015 1223 2082 opor,

87 2094 148 2156 teret.
180 2116 210 2176 p.
233 2092 324 2158 Sulla
342 2093 382 2157 18
397 2096 429 2158 te
452 2094 537 2158 enim
561 2094 708 2159 existimo
733 2095 792 2159 tibi
814 2095 973 2173 statuisse,
997 2094 1074 2177 quid
1090 2094 1211 2160 facien·

88 2189 144 2256 dun
162 2198 298 2276 putares.
336 2194 398 2277 leg.
422 2193 508 2260 Man.
525 2195 555 2278 9,
570 2195 611 2259 26
628 2196 695 2278 (10,
711 2197 767 2279 21)
791 2197 868 2260 satis
891 2195 971 2259 mihi
992 2195 1094 2260 mults
1115 2196 1211 2261 verba
1338 2221 1347 2240 ·

88 2290 179 2359 secuse
205 2295 329 2374 videor,
357 2317 455 2379 quare
485 2301 569 2363 esset
596 2296 657 2360 boc
686 2296 805 2360 bellum
833 2318 950 2380 genere
972 2299 1043 2382 ipso
1065 2318 1210 2365 necessa·

89 2393 158 2459 tm.
197 2396 294 2466 Rosc.
320 2398 393 2464 Am.
418 2397 457 2462 14
485 2397 593 2462 eodem
622 2400 818 2462 revertamur
845 2402 878 2462 et
900 2419 1104 2482 quaeramus,
1131 2414 1225 2482 quae*

90 2497 159 2559 uun
184 2499 263 2566 vitis
293 2498 416 2583 fuerint
443 2499 478 2562 in
506 2499 601 2562 unico
628 2497 711 2580 filio,
742 2520 839 2582 quere
861 2500 889 2563 is
910 2500 996 2584 petri
1018 2499 1209 2582 displiceret.

90 2614 134 2675 pro
150 2598 237 2663 domo
262 2601 301 2665 11
324 2603 362 2663 ut
384 2620 434 2663 me
458 2600 618 2663 —etiam
639 2600 759 2684 pigeat,
782 2601 836 2684 qui
859 2637 898 2647 -
920 2622 1023 2686 neque
1045 2600 1211 2669 intellexe-

90 2694 147 2776 rin,
171 2701 283 2784 quibus
312 2703 368 2764 snt
395 2704 432 2765 ut
459 2701 579 2785 apertis
607 2701 745 2765 inimicis
773 2702 960 2767 obsisterem
989 2706 1045 2767 aut
1072 2707 1109 2766 ut
1136 2701 1211 2769 insi·

92 2793 166 2863 diesis
192 2801 304 2866 amicis
337 2823 402 2865 non
437 2801 607 2869 crederem.
660 2803 713 2869 fin.
747 2802 782 2881 4,
812 2803 832 2867 6
861 2825 947 2868 nunc
980 2804 1142 2872 videamus
1172 2840 1211 2850 -

93 2901 178 2981 ecquid
204 2903 337 2967 tandem
364 2902 523 2987 attulerit,
552 2919 648 2987 quam
677 2902 718 2966 ob
744 2925 813 2968 rem
841 2905 882 2968 ab
910 2905 1130 2972 inventoribus
1151 2905 1212 2969 dis·

91 3002 205 3073 siuet.

155 3102 179 3167 b.
208 3104 528 3190 Haupttempora
555 3109 639 3171 trotn
669 3106 723 3170 des
751 3105 965 3173 historischen
994 3105 1139 3170 Perfecta
1167 3107 1211 3199 im

93 3204 174 3268 ersten
193 3205 393 3291 Nebenssts,
423 3207 500 3272 eber
520 3206 638 3272 bdcbst
660 3208 779 3271 selten:
809 3206 900 3274 Ruso.
923 3206 1009 3271 Com.
1029 3207 1050 3271 5
1072 3206 1126 3270 bic
1148 3228 1209 3291 ego

93 3297 229 3371 sifscism
249 3308 348 3372 finem
370 3308 506 3391 dicendi,
529 3309 607 3372 setis
630 3330 754 3392 causae,
778 3308 856 3371 satis
873 3308 969 3385 etism
983 3306 1082 3371 iudici
1098 3307 1212 3372 fecisse

93 3399 184 3488 videar,
206 3430 263 3472 cur
287 3409 460 3473 secundum
481 3407 633 3473 Roscium
655 3408 787 3472 iudicari
810 3410 917 3474 debeat
931 3407 1116 3493 (vielleicbt,
1141 3409 1213 3472 weil

93 3497 134 3566 <bs
156 3506 274 3575 Urtheil
304 3513 369 3574 erst
396 3533 434 3574 zu
462 3509 618 3593 sprecben
645 3511 713 3592 ist).
758 3509 848 3575 Verr.
869 3508 917 3588 II,
944 3513 971 3591 l,
994 3510 1033 3579 31
1059 3530 1131 3576 cum
1153 3509 1213 3593 igi·

92 3604 141 3683 lur,
168 3631 245 3693 qnae
272 3631 369 3677 causa
396 3612 482 3677 illius
510 3611 666 3675 tumultus
691 3613 804 3695 suerit,
833 3615 931 3676 testes
959 3610 1116 3690 dixerint,
1145 3611 1212 3694 ipse

93 3704 192 3794 celarit,
219 3694 329 3777 nonne
357 3735 484 3780 causam
512 3712 612 3794 banc,
641 3734 736 3796 quem
760 3713 1001 3797 proposuimus,
1029 3711 1122 3775 istius
1142 3733 1213 3797 per-

93 3810 166 3886 petus
189 3814 393 3878 taciturnitas
422 3814 611 3879 confirmat?
655 3813 732 3880 fam.
754 3815 791 3896 5,
815 3814 853 3894 8,
879 3816 893 3878 1
924 3815 1081 3898 qnantum
1107 3833 1212 3877 mcum

93 3909 206 3979 sudum
233 3917 385 3980 exstiterit
411 3915 581 3999 dignitatis
609 3918 683 3979 tuae
712 3914 867 3995 tuendae,
901 3935 966 3985 non
995 3914 1106 3978 dubito
1135 3912 1212 3996 quin

93 4007 291 4080 aesomnes
313 4016 361 4081 tui
384 4017 581 4101 scripserint.
608 4054 643 4063 —
662 4016 702 4080 ln
725 4016 787 4080 den
811 4015 925 4080 beiden
947 4016 1067 4079 letzten
1090 4013 1211 4078 Stellen

93 4127 149 4196 mag
172 4115 219 4182 die
242 4116 495 4202 Voreustellung
522 4117 577 4182 des
606 4117 822 4185 Nebeusatzes
851 4117 980 4180 zweiter
1006 4114 1121 4178 Klasse
1150 4114 1212 4178 den

93 4206 165 4295 tonj.
188 4218 266 4301 perf.
288 4219 465 4287 versnlesst
487 4219 603 4284 beben.
623 4256 665 4268 —
688 4217 791 4283 Pollio
819 4239 871 4301 sp.
894 4216 962 4282 Cic.
987 4216 1064 4280 fem.
1089 4216 1138 4299 10,
1161 4216 1212 4300 31,

92 4309 191 4380 tillud
212 4319 413 4384 vehementer
436 4319 576 4384 admiror
597 4341 663 4384 non
687 4319 851 4404 scripsisse
873 4322 905 4382 te
927 4317 1024 4399 mibi,
1053 4316 1213 4380 manendo

90 4409 115 4473 in
146 4420 300 4496 provincis
334 4442 376 4485 an
409 4420 554 4485 ducendo
582 4420 757 4485 exercitum
785 4420 819 4483 in
848 4420 975 4484 Italiam
1003 4418 1081 4500 reip.
1111 4418 1212 4502 magis

956 4520 1007 4571 re·
