3044 5064
593 345 818 410 -537-

135 503 228 566 010110
252 521 318 563 000
340 499 409 562 0100
433 499 550 582 00000.)
594 497 671 563 Sall.
686 498 763 583 Jug.
779 497 821 562 54
836 498 959 561 saucios
982 519 1051 562 eum
1073 520 1151 563 00νο
1166 498 1278 566 reficit.

136 602 203 670 Liv.
225 601 282 683 23,
306 602 342 665 31
369 599 516 686 prodigia
544 622 616 665 eum
644 622 719 665 eura
748 600 884 684 expiata.
930 599 1022 664 Eben
1046 622 1081 663 so
1103 600 1155 682 22,
1178 599 1230 682 42,
1251 600 1281 664 5.

141 705 191 783 38,
217 703 266 786 18,
289 704 306 766 7
332 701 395 766 001
417 702 469 766 bei
492 701 631 785 Curtius,
654 702 774 768 Seneca
796 724 828 766 u.
852 723 881 774 0.
919 701 986 766 Liv.
1006 702 1037 785 2,
1060 701 1196 765 230οι0
1220 701 1282 764 ela·

136 827 222 870 more
249 805 283 868 in
306 804 411 868 forum
434 804 579 869 curritur.
624 803 708 868 Plin.
734 826 782 888 ep.
806 804 843 885 2,
870 803 923 882 13,
947 804 966 867 8
989 803 1071 886 quod
1093 824 1283 887 quamquam

138 928 235 992 parce
257 911 290 971 01
312 927 385 969 eum
409 904 532 970 delectu
555 906 653 974 daret
698 904 803 970 Ueber
825 903 934 988 Nepos
957 927 982 971 s.
1005 905 1115 989 Lupus
1136 902 1167 969 S.
1190 904 1241 969 74.

221 1008 282 1072 Die
317 1007 592 1096 militirrisehe
619 1006 864 1092 Begleitung
891 1007 971 1071 wird
1001 1006 1074 1071 bald
1102 1006 1176 1090 mit,
1208 1006 1283 1070 bald

140 1111 224 1175 0100
253 1131 323 1176 cum
352 1108 548 1173 bezeichnet.
592 1108 699 1174 Ueber
728 1108 845 1173 Caesar
873 1107 1005 1172 handelt
1026 1107 1181 1172 Kraner
1202 1108 1233 1175 b.
1256 1130 1283 1173 0.

74 1204 76 1209 ’
139 1215 167 1295 1,
191 1214 243 1290 41,
266 1213 296 1274 2,
331 1213 361 1288 2,
387 1210 436 1291 19,
462 1212 489 1274 1.
513 1248 553 1258 -
576 1211 685 1276 Livius
714 1213 787 1294 sagt
817 1212 850 1289 1,
877 1210 931 1275 14:
962 1232 1108 1294 egressus
1128 1210 1283 1274 -omnibus

138 1313 248 1398 copiis.
286 1314 317 1394 5,
340 1313 382 1377 53
405 1313 431 1375 si
454 1312 518 1375 iam
540 1313 631 1377 novis
655 1312 754 1395 copiis
779 1311 917 1376 veniant.
965 1311 1196 1393 1370101001
1221 1312 1285 1376 iere

137 1415 348 1479 tumultuario
377 1413 488 1481 milite.
533 1415 569 1497 3,
592 1415 632 1479 23
656 1413 777 1498 reliquo
800 1414 940 1478 exercitu
963 1413 1046 1478 haud
1070 1415 1180 1498 procul
1202 1436 1285 1478 moe·

137 1517 232 1581 nibus
247 1515 381 1580 Tusculi
403 1515 584 1580 considunt.
622 1517 672 1599 28,
688 1516 728 1581 38
745 1515 852 1580 decem
875 1515 1011 1579 navibus
1026 1514 1161 1580 Romam
1177 1515 1282 1585 rediit.

138 1618 212 1684 Und
240 1639 276 1682 so
304 1616 397 1681 11101.
443 1617 531 1681 Aber
558 1618 701 1683 denselbe
730 1622 803 1702 sagt
825 1616 922 1682 auch:
953 1620 982 1697 2,
1005 1618 1046 1682 33
1069 1638 1139 1682 euna
1162 1616 1284 1682 1010010

137 1720 274 1785 militum
298 1740 457 1783 manu-
480 1742 538 1805 per
559 1724 723 1805 patentem
746 1724 871 1804 portam
894 1719 1020 1803 irrupit.
1058 1720 1088 1803 3,
1104 1719 1146 1783 24
1164 1719 1283 1783 victore

139 1844 210 1887 eum
233 1822 374 1885 exercitu
396 1821 506 1885 urbem
530 1822 619 1887 inire.
657 1823 854 1905 21510010
876 1821 1016 1886 exercitu
1036 1843 1093 1885 suo
1108 1819 1281 1905 profectus.

137 1923 230 1988 Eben
253 1944 288 1987 so
310 1923 339 1999 8,
362 1924 412 2005 37,
436 1923 466 1987 9.
500 1924 551 2006 24,
574 1925 626 2005 30,
653 1925 679 1987 1.
706 1923 759 2006 25,
784 1924 833 2006 13,
857 1923 886 1988 4.
914 1923 965 2006 26,
988 1923 1039 2006 41,
1061 1923 1091 1986 2.
1137 1920 1193 1986 Bei
1217 1923 1284 1986 An·

136 2025 219 2110 gabe
250 2026 337 2089 einer
364 2024 570 2090 bestimmten
592 2024 672 2090 Zahl
701 2046 763 2088 von
786 2023 937 2109 Truppen
961 2022 1047 2088 steht
1068 2025 1182 2088 immer
1203 2045 1282 2088 0001.

159 2166 162 2172 ·
225 2126 318 2190 Aueh
351 2126 385 2189 in
416 2125 589 2212 folgenden
619 2126 829 2190 Ausdrdeken
864 2125 1031 2191 sehwanlrt
1064 2127 1120 2190 der
1147 2124 1283 2209 Sprach·

137 2228 313 2314 gebraueh:
337 2227 403 2294 Cic.
427 2228 466 2291 ad
487 2226 544 2303 Qu.
569 2228 607 2293 fr.
628 2228 659 2308 2,
680 2230 708 2305 3,
731 2229 751 2291 2
772 2229 918 2313 dixitque
941 2228 1048 2293 omnia
1070 2231 1165 2312 atque
1187 2229 1284 2292 inter-

138 2332 214 2395 dum
243 2331 341 2394 etiam
370 2331 509 2413 silentio,
543 2351 612 2393 eum
637 2331 828 2394 auctoritate
850 2351 984 2414 semper.
1030 2328 1118 2395 Caes.
1144 2330 1174 2395 b.
1197 2352 1230 2416 g.
1255 2330 1285 2413 7,

141 2436 175 2496 11
201 2432 329 2496 silentio
353 2432 481 2516 egressi.
520 2453 568 2514 ep.
591 2432 641 2496 36.
674 2432 704 2495 b.
727 2453 752 2496 c.
770 2432 799 2512 2,
816 2433 866 2497 35.
893 2433 920 2514 1,
935 2431 986 2495 27.
1024 2429 1099 2496 Sall.
1121 2432 1190 2498 Cat.
1210 2432 1284 2510 1,1.

136 2532 213 2618 Jug.
239 2534 312 2617 106,
335 2535 356 2597 4
385 2533 513 2597 silentio
543 2533 663 2618 egredi.
709 2532 776 2598 Liv.
799 2535 835 2617 3,
859 2533 900 2597 72
928 2554 993 2597 000
1023 2532 1151 2597 silentio
1178 2532 1282 2611 modo,

138 2635 191 2698 sed
222 2655 292 2697 eum
322 2635 458 2698 adsensu
487 2636 582 2698 etiam
610 2635 721 2700 audiri.
768 2636 803 2718 8,
825 2636 867 2700 23
889 2638 985 2700 00010
1013 2634 1141 2698 silentio
1164 2633 1284 2699 diceret

138 2736 339 2799 dictatorem.
378 2736 412 2813 9,
436 2736 477 2800 38
504 2741 600 2801 00010
630 2736 744 2801 101010
767 2737 895 2801 silentio
919 2775 956 2783 —
981 2736 1167 2800 1101010100
1190 2736 1280 2801 dixit.

136 2836 187 2920 21,
211 2837 252 2901 33
274 2837 403 2901 silentio
426 2859 536 2902 omner
558 2838 696 2903 traducti
719 2843 804 2903 sunt.
842 2838 893 2922 21,
909 2839 949 2902 27
974 2860 1049 2902 vasa
1071 2837 1199 2902 silentio
1221 2839 1281 2902 001-
1400 2839 1402 2841 ’

136 2939 244 3023 ligere.
277 2939 330 3020 27,
346 2938 376 3002 2.
415 2939 532 3025 Hriufig
555 2942 641 3005 steht
661 2943 783 3006 01100110
805 2943 919 3006 noetis:
946 2942 977 3024 2,
1000 2941 1029 3004 7.
1057 2940 1090 3022 5,
1105 2940 1156 3004 32.
1184 2941 1215 3019 5,
1231 2940 1282 3004 45.

138 3042 167 3123 7,
195 3040 241 3105 12.
271 3041 300 3119 7,
323 3041 374 3105 39.
403 3041 455 3120 22,
471 3042 520 3109 60.
548 3043 599 3122 23,
618 3044 667 3106 17.
696 3043 746 3122 39,
763 3043 814 3107 30.
843 3044 895 3125 42,
914 3043 965 3107 66.
1003 3041 1173 3126 Dagegen:
1197 3043 1225 3120 7,
1242 3042 1284 3106 35

141 3141 255 3205 000011
284 3162 353 3206 eum
381 3141 509 3206 silentio
537 3143 577 3206 ad
604 3165 638 3207 00
667 3144 882 3208 convenirent.
925 3144 981 3222 25,
1006 3144 1025 3206 9
1047 3143 1121 3207 inde
1149 3164 1219 3207 curn
1243 3144 1283 3206 si-

140 3242 241 3307 100110
269 3243 303 3306 10
326 3243 430 3307 forum
454 3244 550 3307 ducti.
595 3244 705 3310 Oefter
727 3244 818 3309 nieht
839 3244 889 3308 bei
912 3243 1031 3309 Livius.
1076 3243 1205 3308 Tacitus
1229 3244 1285 3309 101

137 3341 294 3408 ebenfalls
324 3343 415 3408 beide
443 3343 728 3410 Constructionem
762 3368 836 3414 ann.
869 3348 901 3423 1,
933 3346 971 3409 13
1000 3344 1152 3410 Scaurum
1181 3384 1221 3393 —
1243 3347 1284 3410 si-

137 3446 236 3511 lentio
264 3444 414 3510 tramisit.
468 3447 522 3528 13,
549 3449 591 3511 22
618 3447 750 3512 Plautus
776 3448 815 3511 01
842 3469 994 3531 praesens
1021 3447 1149 3511 silentio
1180 3451 1282 3513 trans·
1411 3466 1419 3482 ·

137 3548 254 3613 missus
277 3550 335 3612 est.
372 3547 445 3611 hist.
468 3549 499 3630 4,
517 3548 547 3614 9.
584 3549 740 3634 Dagegen
758 3571 830 3615 ann.
849 3551 877 3631 1,
892 3550 932 3615 67
956 3549 1041 3614 11010
1063 3570 1133 3615 eum
1155 3549 1283 3613 silentio

136 3651 289 3734 accipere.
315 3687 351 3695 -
376 3649 437 3714 Die
466 3649 695 3716 Construction
726 3651 877 3716 wechselt
902 3652 952 3716 bei
982 3650 1048 3719 Liv.
1070 3652 1106 3735 8,
1129 3651 1170 3717 25
1198 3653 1282 3736 eogi-

137 3757 222 3817 taret
251 3791 286 3799 —
317 3752 442 3836 potius,
474 3774 544 3817 cum
574 3758 692 3837 quanto
720 3753 824 3818 studio
851 3753 1054 3838 periculoque
1085 3753 1222 3818 reditum
1249 3754 1283 3817 10

137 3854 309 3919 amicitiam
345 3876 434 3919 suum
468 3859 565 3938 esset,
598 3877 694 3941 quam
723 3878 785 3940 qua
812 3855 950 3920 stultitia
977 3858 1010 3920 et
1036 3856 1216 3920 temeritate
1244 3855 1283 3920 10

139 3955 246 4020 011010
269 3956 444 4021 decessum.

222 4057 282 4122 Die
310 4058 453 4122 Ablativi
476 4079 556 4141 pace
584 4060 783 4138 00100010,
814 4059 873 4124 mit
900 4059 1002 4124 einem
1032 4058 1179 4143 Adjeetir
1207 4049 1283 4124 oder

137 4159 273 4224 Genetiv
306 4159 467 4224 bekleidet
500 4159 563 4224 und
596 4160 630 4224 in
664 4161 719 4224 der
751 4161 943 4246 Bedeutung
975 4161 1062 4241 „mit
1093 4159 1282 4224 Erlaubniss
1342 4220 1344 4224 .

135 4261 331 4327 1010001001(
358 4259 471 4325 010100
499 4262 655 4326 ebenfalls
685 4263 744 4327 mit
772 4263 1045 4328 0010100000.
1091 4262 1176 4329 Pace
1198 4261 1284 4327 steht

137 4363 169 4427 in
200 4364 255 4428 der
277 4365 400 4428 1110100
423 4362 565 4448 Sprache
588 4364 652 4429 und
678 4365 727 4429 bei
751 4364 862 4430 Cicero
884 4365 968 4430 0100
990 4386 1078 4430 eram:
1106 4363 1178 4432 Ter.
1201 4363 1281 4429 1100.

137 4466 172 4547 3,
194 4465 229 4544 2,
256 4467 294 4531 13
315 4487 394 4551 paee
421 4465 504 4551 quod
527 4466 584 4532 fiat
607 4469 671 4533 100.
718 4466 784 4534 Oia.
807 4489 837 4552 p.
862 4468 929 4538 Mil.
954 4469 995 4534 38
1017 4488 1095 4553 paee
1117 4469 1173 4549 tna
1196 4466 1281 4532 dixe·
