2926 5070
527 289 755 353 -263-

95 444 194 510 cunctis
213 442 408 508 circensibus
423 406 605 526 poneretur.
644 441 689 505 Id.
706 442 782 506 Ant.
797 441 881 505 Phil.
897 441 939 505 29
955 441 1073 506 iuravit
1088 443 1212 507 nullum

95 549 247 610 senatorem
274 567 309 608 se
337 544 458 609 sciente
480 544 635 622 occisum,
662 564 733 607 oum
760 544 857 607 etiam
878 542 1013 607 rebelles
1036 544 1152 608 dixerit
1177 567 1211 610 se

95 651 264 711 servaturum
291 645 397 727 fuisse,
421 645 448 708 si
470 646 590 709 scisset.
627 645 715 708 Aber
730 644 779 708 die
795 644 1066 729 Reprisentation
1082 646 1116 709 in
1129 646 1211 710 indi-

95 752 175 812 rector
186 747 269 812 Rede
292 747 374 830 liegt
395 768 433 809 zu
450 745 580 810 Grunde
602 746 654 810 bei
668 745 743 809 Tac.
767 767 843 809 ann.
871 747 919 828 15,
937 746 978 810 64
1000 768 1066 810 non
1082 747 1211 812 defuere

96 848 324 932 quiescerent,
346 847 447 911 donec
469 846 704 932 implacabilem
727 846 887 912 Neronem
910 848 1068 931 timuerit,
1091 848 1211 913 famam

96 951 207 1014 wehtae
229 972 301 1014 cum
322 950 438 1013 marito
464 950 575 1012 mortis
597 949 756 1032 petivisse.
801 948 893 1013 Eheu
920 970 955 1012 so
977 949 1061 1014 Flor.
1084 951 1115 1033 2,
1139 951 1211 1028 26
1340 966 1342 969 ·

96 1051 183 1115 utillo
205 1053 273 1135 ipse
295 1051 384 1135 prius
411 1072 444 1114 se
467 1051 585 1114 victum
614 1072 709 1134 quam
736 1050 860 1114 hostem
890 1050 1013 1130 viderit,
1044 1052 1209 1116 fateretur.

160 1153 184 1217 5.
216 1152 453 1217 Modalsatn.
491 1154 642 1215 Ammian
672 1151 721 1232 19,
748 1153 795 1233 12,
821 1152 859 1216 15
882 1155 914 1215 01
940 1174 1070 1235 prorsus
1093 1154 1139 1217 ita
1161 1175 1210 1218 res

97 1253 223 1338 agebatur
244 1256 339 1337 quusi
361 1291 403 1301 -
425 1253 521 1318 effata
542 1252 741 1337 Delphorum
763 1252 841 1317 olim
869 1253 1035 1319 sollemnia
1056 1256 1090 1319 in
1112 1256 1210 1340 impe·

96 1357 183 1420 tatoris
207 1356 339 1420 exitium
366 1355 610 1419 sollicitaverint
640 1353 743 1418 multi.
795 1353 888 1419 Auch
920 1355 989 1419 hier
1016 1356 1095 1419 wird
1126 1356 1211 1420 wohl

96 1456 121 1517 in
137 1459 272 1538 epotetur
294 1456 352 1521 das
367 1455 464 1520 Verb.
481 1456 608 1520 dicandi
631 1477 670 1518 zu
685 1455 848 1519 erkenneu
868 1456 946 1535 sein,
971 1456 1107 1522 welches
1122 1458 1210 1522 dann

97 1556 135 1619 die
151 1557 406 1642 Repriisentation
429 1559 473 1621 im
496 1556 632 1642 Gefolge
653 1556 719 1624 hat.

46 1656 49 1665 ’
159 1660 182 1724 6.
220 1660 493 1725 01111101110.
542 1657 613 1726 Val.
642 1657 726 1723 Max.
761 1659 833 1737 7,6
866 1662 928 1723 ext.
960 1661 980 1724 3
1011 1682 1081 1725 cum
1114 1683 1209 1725 omne

96 1765 247 1842 serpentum
275 1762 475 1826 ceterarum
497 1781 599 1844 genus
622 1759 860 1843 comparatione
882 1760 931 1823 sui
954 1760 1048 1824 titulo
1070 1762 1209 1826 feritatis

96 1864 228 1943 superarit
267 1863 350 1928 Just.
373 1862 439 1945 6,2
461 1863 575 1945 quibus
597 1882 668 1926 cum
688 1861 777 1944 paria
798 1861 907 1925 omnic
922 1862 1054 1926 fortuna
1076 1852 1207 1942 dederit,

96 1959 217 2028 indutum
238 1968 349 2028 tamen
373 1964 414 2028 ab
437 1964 538 2027 altero
560 1967 729 2046 utrumque
752 1963 899 2025 servavit.
937 1962 1042 2047 Spart.
1064 1963 1167 2028 Verus
1190 1967 1208 2029 7

97 2081 149 2126 cun
176 2064 273 2130 Verus
306 2065 464 2149 posterior
495 2064 577 2128 nihil
611 2054 744 2147 dignum
776 2066 905 2147 praeter
937 2063 1140 2130 elementiam
1173 2069 1208 2131 in

96 2165 204 2231 moribus
224 2167 385 2231 habuerit.
421 2166 512 2230 Pese.
535 2166 555 2229 9
578 2187 637 2229 nec
660 2165 764 2229 abfuit
786 2163 947 2248 responsis
970 2166 1100 2248 veritas,
1137 2189 1208 2232 cum
1235 2176 1237 2179 ’

96 2262 134 2326 ille
150 2267 288 2333 inventus
318 2269 360 2331 sit
382 2268 471 2332 iuxta
497 2266 647 2351 paludem
669 2266 850 2330 semivivus.
895 2265 1031 2350 Capitol.
1055 2268 1164 2333 Albin.
1188 2271 1209 2334 5

96 2385 148 2430 cum
159 2368 343 2435 Caesariana
365 2369 488 2433 familia
509 2368 570 2432 hoc
585 2368 723 2452 speciale
745 2367 892 2432 habuerit
908 2371 943 2431 ut
957 2369 1081 2452 parvuli
1097 2368 1208 2434 domus

96 2467 145 2531 eius
161 2471 190 2534 in
209 2471 399 2536 testudineis
421 2470 519 2534 alveis
541 2470 724 2533 lavarentur
747 2472 801 2533 ctt.
838 2468 1000 2553 Lamprid.
1023 2469 1148 2555 Heliog.
1169 2472 1208 2534 14

96 2587 150 2633 nan
166 2558 248 2637 nulls
270 2573 303 2636 vi
325 2573 395 2656 quis
422 2571 536 2635 adduci
558 2571 664 2655 potuit
686 2575 721 2634 ut
742 2573 868 2634 tautum
895 2570 1021 2634 facinus
1048 2570 1207 2656 impleret,

96 2688 146 2734 cun
170 2673 198 2737 in
225 2675 331 2759 ipsum
358 2673 461 2757 magis
484 2694 637 2737 conversa
660 2673 725 2736 sint
747 2672 825 2754 tela,
854 2693 933 2755 quae
959 2673 1095 2755 parabat
1123 2673 1205 2756 aliis,

96 2768 125 2831 ab
141 2773 228 2860 iisque
249 2777 294 2839 sit
316 2775 520 2855 interfectus,
545 2773 660 2858 quibus
683 2774 763 2839 alios
786 2774 967 2858 appetebat.
991 2812 1032 2821 —
1054 2774 1118 2839 Eiu
1141 2774 1207 2840 Mal

96 2873 154 2938 cuch
172 2877 246 2942 nach
270 2878 370 2960 quod:
392 2875 526 2960 Capitol.
550 2877 627 2939 Ant.
653 2875 727 2939 Pius
749 2875 770 2938 2
791 2875 867 2939 Pius
891 2875 1136 2960 cognominatus
1159 2880 1208 2941 est

96 2982 229 3057 asenatu,
259 2979 310 3042 vel
333 2978 416 3061 quod
438 2999 581 3042 socerum
604 2978 689 3040 fessa
710 2977 775 3040 iam
797 2979 902 3040 aetate
925 2998 1023 3040 manu
1050 2978 1205 3044 1011110111.

96 3069 143 3136 Der
160 3077 317 3144 Verfasser
343 3079 417 3163 ruge
444 3078 585 3163 sogleich
613 3078 724 3156 hinzu,
752 3078 825 3140 dass
852 3078 955 3141 dieser
978 3077 1088 3142 Grund
1116 3080 1207 3144 nicht

96 3175 328 3246 wahrschainlich
350 3181 415 3259 sei,
438 3179 503 3244 und
526 3178 659 3243 deshslb
681 3178 779 3243 wahlt
801 3200 836 3242 er
858 3179 919 3242 den
942 3178 1136 3261 Conjunctiv
1158 3181 1206 3244 als

96 3271 181 3344 Modus
205 3283 259 3347 der
282 3281 393 3346 Oratio
422 3280 566 3364 obliqua3
595 3280 645 3344 die
668 3281 736 3344 visr
758 3279 852 3344 sulze
874 3280 934 3342 mit
961 3281 1125 3360 estquod,
1156 3281 1206 3345 die

97 3373 181 3444 dmuf
197 3384 305 3469 tolgan
321 3383 386 3446 und
410 3382 460 3448 die
482 3382 545 3445 den
560 3380 734 3446 Beinamen
757 3381 880 3464 „Pius“
896 3381 1004 3444 besser
1018 3381 1206 3465 begrunden

97 3477 185 3567 sollen,
205 3485 308 3550 haben
331 3484 393 3548 den
416 3483 582 3548 Indicativ.

158 3585 181 3653 7.
202 3586 526 3652 Concessivsiitze
541 3586 601 3648 mit
616 3605 694 3664 mam,
711 3587 864 3665 quumvis,
881 3606 1082 3668 quemquam.
1113 3583 1203 3667 Caes,

99 3678 120 3741 b·
135 3706 158 3768 g.
179 3692 203 3770 l,
224 3690 266 3754 26
296 3710 373 3752 nam
394 3687 455 3752 hoc
476 3690 546 3752 1010
568 3686 705 3770 1110οΙ10,
733 3707 803 3750 oum
825 3687 866 3751 ab
894 3687 974 3751 hora
1003 3687 1138 3770 septime
1166 3687 1205 3751 ad

98 3801 228 3868 leperum
250 3793 427 3875 pugnatum
450 3789 507 3867 sit,
530 3809 675 3851 aversum
698 3787 822 3851 hostem
844 3788 950 3852 videre
972 3810 1066 3852 nemo
1089 3789 1203 3872 potuit.

97 3878 201 3968 Capitol.
229 3895 309 3956 Ant.
337 3891 413 3954 Pius
435 3890 455 3953 9
482 3893 608 3953 tantum
639 3911 715 3953 sane
743 3889 942 3953 auctoritatis
969 3889 1052 3973 apud
1081 3893 1204 3953 exteras

98 3992 180 4063 tentes
204 4014 297 4059 nemo
324 3991 453 4072 hahuit,
488 4012 560 4055 cum
588 4012 713 4074 semper
740 3991 896 4055 amaverit
927 4011 1049 4074 pacem.
1099 3989 1203 4074 Spart.

98 4081 148 4150 Ser.
168 4095 200 4158 12
220 4098 294 4179 post
316 4093 395 4158 haec
423 4091 462 4155 de
490 4114 547 4155 sua
580 4092 749 4156 clementia
771 4092 933 4175 disseruit,
961 4114 1032 4156 cum
1055 4091 1204 4157 crudelis·

97 4185 168 4255 simus
196 4197 292 4260 fuerit
322 4198 355 4259 et
386 4196 550 4257 senatores
582 4194 668 4257 infra
698 4194 834 4277 scriptos
866 4193 1027 4258 occiderit.
1076 4193 1203 4277 Lampr.

97 4283 226 4363 0011118
248 4296 427 4381 appellatus
450 4298 498 4358 est
513 4293 705 4360 Commodus
728 4295 824 4358 etiarn
840 4294 1045 4359 Britannicus
1068 4294 1108 4358 ab
1130 4294 1203 4359 adu·

95 4383 232 4477 lacubus,
262 4418 334 4464 cum
357 4396 506 4462 Britanni
529 4397 624 4460 etiam
646 4397 870 4481 imperatorem
892 4401 1005 4462 eontra
1032 4418 1104 4463 eum
1127 4396 1203 4462 deli·
