2932 5056
721 326 930 390 -94-

257 479 285 543 si
308 483 392 543 esset
418 479 523 562 aliqua
549 478 654 542 forma
675 479 869 561 reipublicae
892 479 940 564 (es
968 478 1051 564 lolgt
1072 479 1129 543 der
1151 479 1347 564 Gegensatz:
1373 481 1398 544 si

256 581 368 666 nulla),
412 580 572 659 Aehnlioh
594 582 624 659 5,
649 581 733 662 16,3
755 580 782 644 si
805 580 931 644 eosdem
955 581 1038 644 bona
1059 583 1115 644 aut
1137 579 1274 664 denique
1296 582 1399 666 aliqua

257 704 322 767 rep.
339 681 562 767 perdidissent.
596 681 645 765 10,
662 682 692 764 9,
707 682 728 744 2
743 683 770 745 si
786 681 904 764 aliquid
920 683 1003 765 apud
1018 687 1050 747 ta
1066 682 1217 748 valemus.
1252 706 1285 768 p.
1303 683 1399 749 Maro.

256 785 285 868 6,
312 786 350 849 19
372 784 398 847 si
420 770 574 868 te'aliqui
597 783 773 848 timuerunt
795 783 940 868 („ainige
962 784 1121 869 weniga“,
1152 783 1197 847 im
1220 783 1401 869 Gagensatz

257 909 296 950 zu
318 886 390 950 dem
412 884 586 969 folgenden
603 886 771 967 plerique).

340 986 414 1050 Wie
441 987 517 1050 sehr
544 986 595 1051 die
623 985 722 1050 Wahl
750 986 805 1051 des
832 987 1056 1052 Indefinitums
1089 1009 1153 1053 von
1176 989 1232 1052 der
1261 988 1404 1053 Willlu'ir

256 1090 312 1153 des
334 1088 572 1154 Sohreibanden
596 1088 760 1173 abhiingt,
789 1089 900 1175 zeigen
923 1089 1075 1173 folgende
1097 1089 1235 1155 Stellen:
1264 1114 1295 1174 p.
1320 1090 1402 1155 Sest.

112 1228 124 1238 α
256 1191 298 1254 62
320 1193 346 1254 si
369 1195 418 1255 est
439 1191 542 1273 aliqui
564 1212 675 1255 sensus
697 1190 733 1253 in
756 1194 868 1255 morte.
913 1190 1067 1276 Dagegen
1084 1190 1168 1255 Phil.
1190 1191 1258 1274 9‚6
1281 1194 1308 1257 si
1332 1196 1404 1275 quis

256 1296 306 1356 est
327 1313 438 1357 seusus
460 1292 494 1356 in
517 1298 628 1356 morta.
665 1292 740 1356 sam.
763 1294 794 1376 4,
815 1293 846 1376 5,
868 1293 889 1356 6
911 1293 937 1356 si
961 1293 1015 1376 qui
1038 1294 1134 1358 etiam
1156 1294 1268 1358 inferis
1290 1315 1405 1360 sensus

257 1398 314 1458 est.
353 1392 428 1479 Vgl.
452 1392 536 1461 Seu.
560 1394 645 1458 brev.
670 1394 725 1458 vit.
750 1394 835 1476 18,4
857 1396 884 1459 si
907 1394 978 1479 quis
998 1394 1109 1459 inferis
1131 1416 1243 1459 sensus
1266 1400 1326 1461 ast.
1364 1397 1403 1459 ad

257 1495 325 1560 Pol.
348 1497 400 1578 24,
427 1496 442 1557 1
466 1495 493 1559 si
521 1495 593 1579 quis
621 1494 780 1559 defunctis
809 1517 920 1560 sensus
943 1501 1002 1560 est.
1040 1496 1092 1579 27,
1114 1498 1136 1560 4
1157 1497 1184 1560 si
1207 1499 1256 1561 est
1286 1497 1404 1582 aliquis

254 1598 413 1662 defunctis
447 1617 569 1661 sensus.
598 1634 640 1645 -
668 1595 889 1682 Nothwendig
917 1600 946 1664 si
976 1635 1013 1645 -
1044 1598 1162 1663 alieubi
1189 1601 1269 1662 statt
1301 1599 1404 1664 111011

257 1720 368 1784 wegen
392 1698 448 1763 dor
470 1697 647 1783 Trennung
668 1698 778 1764 beider
799 1698 931 1763 Wdrter
952 1699 1003 1764 bei
1028 1699 1093 1765 (lio.
1118 1701 1189 1763 Att.
1213 1700 1243 1783 9,
1269 1699 1319 1782 10,
1345 1702 1376 1765 7.

338 1801 445 1867 Caes.
469 1801 500 1864 b.
523 1822 554 1885 g.
582 1802 609 1877 1,
633 1800 673 1863 14
700 1801 727 1865 si
755 1801 889 1865 alieuius
911 1800 1049 1865 iniuriae
1071 1799 1132 1864 sibi
1154 1802 1303 1865 oonsoius
1326 1802 1403 1866 fuis-

257 1908 316 1968 set.
353 1903 384 1987 6,
405 1903 449 1966 40
470 1901 496 1966 si
519 1922 593 1985 pars
615 1901 722 1985 aliqua
744 1902 960 1967 circumventa
981 1903 1142 1967 ceciderit.

340 2005 398 2071 Bei
421 2003 576 2089 Sallust
598 2002 681 2067 fehlt
703 2004 816 2088 aliquis
837 2004 882 2078 im
898 2004 1208 2090 Bedinguugssatze.
1245 2003 1328 2069 Liv.
1350 2006 1403 2089 24,

254 2107 284 2189 8,
302 2108 341 2171 15
363 2129 428 2171 non
444 2106 516 2170 dico
531 2105 559 2168 si
582 2105 689 2168 omnia
704 2104 794 2186 haee,
817 2106 872 2170 sed
888 2106 916 2170 si
937 2104 1056 2190 aliquid
1072 2106 1182 2171 eorum
1204 2105 1404 2190 reipublicae

253 2209 424 2291 praestitit.
462 2207 514 2291 26,
537 2207 579 2271 49
607 2206 635 2269 si
661 2206 776 2291 aliquia
805 2207 954 2272 assentiri
981 2229 1110 2273 necesse
1132 2210 1192 2273 est.
1229 2207 1281 2290 39,
1309 2210 1349 2272 15
1377 2210 1404 2272 si

255 2309 375 2394 aliquid
390 2308 584 2394 ignorabitis
608 2308 664 2390 (im
681 2308 863 2393 Gegansatz
879 2331 917 2373 zu
941 2309 1012 2374 dam
1027 2309 1217 2395 folgenden:
1241 2310 1269 2374 si
1292 2312 1404 2374 omnio

254 2412 439 2497 nudavaro).
472 2411 525 2495 42,
541 2412 581 2475 37
605 2411 633 2475 si
654 2411 791 2494 aliquem
806 2414 987 2495 respectum
1009 2411 1167 2477 amicitiae
1190 2433 1261 2476 eum
1285 2412 1404 2476 habere

256 2517 409 2578 cerneret.
438 2550 478 2560 -
508 2512 657 2577 Patron
692 2512 732 2576 93
751 2534 837 2576 nam
870 2513 897 2577 si
930 2513 1045 2597 aliquis
1077 2536 1115 2578 ex
1147 2514 1198 2578 iis.
1240 2513 1284 2577 45
1310 2516 1347 2577 tu
1375 2514 1402 2577 si

256 2615 372 2679 alieubi
393 2614 502 2679 fueris.
528 2652 566 2662 -
589 2613 679 2679 Seu.
702 2613 758 2678 vit.
781 2614 811 2679 b.
838 2613 916 2696 15,1
944 2615 972 2678 si
994 2614 1113 2698 aliquid
1135 2615 1260 2679 viderit.
1299 2618 1402 2679 const.

258 2718 306 2798 13,
328 2717 358 2780 4.
395 2736 485 2798 prov.
508 2716 538 2795 2,
563 2718 581 2780 7
604 2716 631 2780 si
654 2715 843 2800 aliquando,
872 2738 903 2780 u.
927 2716 994 2782 dies
1016 2717 1110 2781 diter.
1136 2755 1173 2764 -
1198 2716 1283 2780 Tao.
1307 2717 1338 2780 d.
1360 2717 1397 2780 41

169 2855 173 2857 -
255 2815 340 2900 quod
362 2818 389 2882 si
413 2817 610 2882 inveniretur
625 2818 732 2903 aliqua
754 2818 874 2883 civitas.
912 2819 944 2882 h.
959 2818 991 2902 2,
1007 2818 1049 2883 32
1071 2818 1167 2882 etiam
1185 2818 1213 2881 si
1228 2817 1402 2901 aliquando

255 2918 493 2982 obumbrantur.
531 2917 626 2983 Fehlt
648 2920 681 2984 iu
705 2921 768 2984 den
790 2920 950 3003 Annalan,
973 2919 1016 2984 im
1032 2920 1186 3005 Agricola
1208 2920 1274 2984 und
1289 2919 1325 2983 in
1347 2920 1403 2983 der

255 3019 436 3083 Germania.
466 3057 503 3067 -
535 3018 702 3095 Quintil.
735 3022 783 3101 10,
806 3021 879 3104 6,5
908 3022 936 3085 si
962 3021 1044 3088 forte
1074 3021 1193 3106 aliquis
1212 3060 1250 3069 -—
1280 3025 1401 3085 extem·

253 3121 371 3204 poralis
393 3121 489 3186 oalor.
506 3159 547 3170 -
573 3120 722 3205 Sp'atere:
745 3121 850 3206 Capit.
875 3122 971 3188 Gord.
998 3123 1190 3188 121110110
1214 3123 1321 3207 aliqua
1342 3123 1400 3187 via.

254 3223 365 3316 Lamp.
393 3222 521 3309 Haliog.
545 3223 596 3287 29.
628 3224 680 3289 33.
717 3225 808 3289 Alex.
832 3223 903 3290 Sav.
926 3225 977 3290 23.
1011 3225 1062 3289 29.
1107 3224 1213 3309 Spart.
1234 3224 1337 3289 Hadr.
1364 3226 1397 3287 11

254 3326 280 3388 si
311 3324 428 3389 alieubi
461 3326 555 3413 (statt
587 3324 643 3389 des
679 3329 770 3389 sonst
795 3325 1066 3410 gebrauohlichan
1093 3327 1215 3408 simtu).
1259 3325 1347 3390 Laet.
1370 3326 1399 3404 2,

256 3427 306 3507 11,
330 3426 350 3489 9
372 3428 399 3491 si
428 3427 607 3492 consideret
636 3426 760 3510 aliquis.
779 3428 829 3510 Δ3,
855 3429 904 3511 18,
928 3429 945 3491 7
970 3429 997 3492 si
1026 3429 1073 3492 ris
1100 3428 1206 3512 aliqua
1233 3428 1398 3493 inferatur.

253 3527 283 3611 3,
299 3527 386 3610 20,6
408 3528 506 3612 quid?
529 3529 556 3592 si
579 3528 699 3612 aliquid
722 3529 917 3613 investigare
939 3533 1080 3612 possent.
1119 3531 1150 3612 3,
1167 3529 1219 3612 29,
1245 3532 1278 3593 ll
1303 3531 1399 3594 etiarn

254 3629 280 3692 si
308 3630 351 3695 sit
373 3631 480 3715 aliqua
508 3628 627 3715 („auoh
651 3651 744 3695 wenn
773 3614 916 3694 wirlrlioh
947 3631 1019 3696 aine
1041 3630 1217 3717 existirt“).
1252 3633 1283 3714 6,
1309 3632 1399 3712 11,5

255 3731 320 3794 und
342 3732 433 3797 iifter.

221 3900 223 3905 ,
339 3831 559 3919 Nothwendig
590 3833 633 3898 ist
666 3835 722 3899 der
755 3833 925 3900 Gebrauoh
954 3836 1009 3900 der
1041 3838 1194 3899 betonten
1226 3835 1400 3900 Indefinita

256 3935 377 4017 aliquot
396 3936 461 4000 und
476 3937 641 4019 aliquoties
662 3937 696 4000 iu
715 3936 807 4018 jeder
821 3937 884 4001 Art
906 3937 961 4001 des
976 3937 1204 4018 Nebensataes,
1227 3936 1300 4001 weil
1317 3938 1398 4001 hier·

258 4059 320 4101 von
354 4038 404 4102 die
432 4037 580 4103 toulosan
607 4035 743 4101 Formen
774 4037 967 4124 (0111101111)
996 4039 1089 4103 nicht
1115 4038 1277 4106 existiren.
1335 4038 1398 4104 cie.

257 4137 350 4204 Tuae.
374 4141 403 4219 3,
426 4141 468 4204 22
490 4143 517 4205 si
539 4140 662 4223 aliquot
683 4141 777 4205 annis
800 4144 883 4225 post.

342 4241 434 4305 Naeh
456 4244 537 4307 ne'si:
560 4240 627 4306 cie.
650 4243 762 4325 rep.3,
782 4241 821 4304 12
843 4243 907 4307 nisi
929 4242 1047 4327 aliquid
1072 4243 1111 4307 de
1133 4235 1236 4307 alieno
1250 4242 1398 4307 accessis·

257 4344 315 4406 set.
353 4341 404 4405 off.
428 4342 498 4425 3,7
530 4343 593 4406 nisi
621 4341 719 4425 aliqui
748 4363 849 4408 casus.
909 4366 940 4427 p.
963 4342 1082 4408 Soauro
1105 4347 1136 4425 ξ.
1157 4346 1200 4408 34
1222 4344 1286 4408 nisi
1315 4344 1400 4408 huno

255 4444 361 4528 aliquo
382 4445 438 4509 aut
459 4447 545 4509 metu
571 4445 628 4505 aut
651 4441 783 4507 infamia
808 4446 1006 4527 perculisset.
1048 4445 1142 4509 Corn.
1166 4445 1204 4509 ad
1227 4444 1305 4510 Her.
1328 4448 1359 4531 4,
1380 4445 1400 4508 3
