3000 5064
210 174 216 177 ,
277 111 371 175 10101.
415 111 472 188 22,
496 112 555 189 51,
578 113 599 175 5
621 111 736 174 missus
765 112 814 172 est
841 108 1038 172 sciscitatum
1059 129 1282 192 -quaenam
1312 107 1415 170 futura

269 211 343 275 finis
371 212 469 276 tantis
497 212 640 276 cladibus
670 211 764 275 foret.
808 210 866 291 23,
889 210 947 288 43,
973 209 1012 272 14
1034 209 1121 272 nolle
1149 208 1303 288 ominari,
1336 229 1414 294 qnae

269 315 381 397 captae
397 315 470 378 urbi
486 336 598 379 casura
614 313 724 378 forent
739 313 842 396 („was
858 311 913 375 der
926 311 1021 376 Stadt
1036 310 1252 375 widerfahren
1267 309 1416 395 werde“).

269 414 361 478 Eben
389 417 503 499 0035,
533 416 572 479 13
600 417 627 481 01
656 414 730 499 quid
759 413 883 477 adversi
911 434 1056 477 casurum
1083 411 1177 480 10101.
1228 412 1288 492 25,
1320 411 1416 494 24,8

271 516 355 579 haud
378 516 494 580 dubius
516 516 594 600 quin
617 537 735 599 paucos
758 513 1002 597 —expulsurus
1023 514 1117 578 10101.
1162 513 1285 597 26,26,
1305 516 1325 576 1
1344 532 1415 577 con-

273 617 358 680 sules
382 616 548 681 bellicosos
570 656 612 665 -
634 618 687 701 qui
712 617 760 680 vel
784 618 818 681 in
840 637 919 699 pace
941 614 1115 700 tranquilla
1131 615 1253 679 bellum
1277 615 1418 678 excitare

268 722 417 801 possent,
450 721 568 783 nedum
595 720 630 782 in
654 718 737 782 bello
765 719 922 802 respirare
952 702 1114 781 ciuitatem
1143 716 1252 780 forent
1280 717 1417 799 passuri.

269 821 327 899 30,
351 821 372 882 2
400 821 556 884 incertum
591 822 673 903 crat,
707 841 769 903 quo
801 819 928 883 missuri
963 819 1097 883 classem
1129 817 1418 902 Carthaginienses

269 922 385 985 forent.
431 920 517 986 Seu.
541 943 590 1006 ep.
613 922 648 999 9,
674 924 712 985 11
735 923 762 984 01
784 921 867 985 10101
889 921 1031 985 victurus
1054 919 1202 1002 (Haase.)

354 1021 485 1106 Nepos
510 1023 558 1106 10,
581 1023 612 1104 8,
636 1023 656 1086 2
678 1021 764 1106 quod
785 1022 908 1087 inimici
930 1023 997 1086 eius
1019 1021 1185 1086 dissidenti
1208 1042 1283 1086 suos
1306 1043 1418 1086 sensus

270 1124 409 1206 aperturi
431 1123 546 1188 forent.
710 1127 716 1135 '
758 1123 760 1128 ⁴

354 1223 403 1287 Ob
426 1221 477 1288 die
498 1222 595 1289 Form
621 1225 703 1289 euch
727 1226 778 1289 bei
801 1224 921 1290 andern
944 1225 1200 1291 Schriftstellern
1225 1225 1417 1305 vorkommt,

271 1325 314 1389 ist
336 1325 385 1388 bis
403 1327 485 1409 jetzt
506 1326 598 1391 nicht
620 1325 873 1410 nachgewiesen.

356 1429 390 1493 F.
414 1427 553 1512 Hcppe
575 1428 666 1513 giebt
687 1428 746 1492 auf
765 1428 797 1492 S.
819 1429 945 1492 20-25
966 1429 1134 1513 folgendes
1157 1428 1418 1492 Zahlenresultat

267 1532 347 1595 iiber
375 1530 426 1594 die
449 1528 570 1594 Stellen
599 1530 659 1592 mit
684 1530 757 1593 dem
780 1529 886 1613 Oonj.
915 1552 945 1594 u.
969 1530 1055 1594 Part.
1084 1531 1185 1595 futuri
1215 1530 1267 1594 bei
1291 1529 1416 1595 Oicem:

219 1634 221 1637 ’
268 1632 353 1698 nach
381 1637 418 1696 ut
438 1630 495 1713 25,
512 1630 611 1695 “nach
638 1652 677 1695 00
698 1632 733 1707 5,
762 1633 841 1712 quia
867 1632 923 1715 39,
950 1652 1021 1696 cum
1048 1632 1104 1709 39,
1134 1633 1221 1714 quod
1241 1633 1277 1717 8,
1306 1633 1362 1697 rabi
1388 1633 1416 1713 3,

269 1737 419 1816 quoniam
448 1733 484 1816 2,
512 1735 608 1814 quic,
644 1754 838 1814 quostquam
870 1754 901 1795 u.
931 1735 1077 1814 01011010
1104 1735 1138 1815 je
1171 1736 1202 1817 13
1232 1735 1317 1798 nach
1345 1735 1415 1797 dem

270 1835 573 1918 Relativpronomen
595 1834 646 1897 69.
964 1833 971 1854 ‘
1420 1864 1428 1878 ·

353 1940 384 2017 ξ.
411 1936 479 1999 141.
529 1936 595 2000 Das
623 1935 813 1999 Futurum
841 1935 882 2000 ΙΙ.
906 1934 1008 1999 bildet
1034 1937 1146 2000 seinen
1170 1935 1415 2019 Ocnjunctir

270 2039 304 2102 in
328 2038 384 2102 der
405 2037 507 2122 Regel
534 2038 594 2101 mit
615 2036 715 2100 Hiilfe
740 2036 794 2101 des
818 2036 905 2119 Coaj.
932 2038 1075 2120 perfecti,
1108 2059 1144 2101 so
1168 2036 1242 2104 dass
1270 2038 1339 2104 alsc
1367 2037 1415 2101 die

272 2140 463 2223 Bedeutung
486 2138 541 2203 der
561 2136 657 2202 Form
680 2138 728 2202 als
742 2139 911 2202 Ausdruclr
934 2137 987 2201 fiir
1008 2139 1079 2202 eine
1101 2137 1415 2223 0011101113οΗωὰ-

269 2241 350 2324 lang
382 2261 443 2304 nur
471 2261 527 2303 aus
556 2238 627 2303 dem
655 2237 853 2324 Hauptsatze
882 2262 922 2303 an
950 2239 1083 2304 ersehen
1110 2241 1163 2304 ist.
1218 2239 1282 2304 Die
1311 2244 1415 2304 ersten

270 2343 394 2425 Spuren
417 2340 521 2404 daron
543 2341 653 2404 finden
675 2341 745 2406 sich
767 2342 818 2406 bei
840 2341 1005 2405 Terens:
1030 2342 1130 2405 Andr.
1157 2344 1184 2421 1,
1207 2342 1238 2422 2,
1262 2341 1306 2404 29
1328 2347 1362 2405 10
1383 2342 1416 2405 in

269 2440 592 2525 010111111111,Ἰ)010,
622 2442 736 2507 dedam
762 2481 797 2491 -
823 2465 861 2507 ea
882 2443 953 2526 lege
982 2446 1079 2526 etque
1107 2443 1228 2524 omine,
1251 2446 1306 2525 ut,
1335 2444 1362 2508 si
1384 2447 1416 2507 te

269 2543 344 2607 inde
368 2543 555 2621 exemerim,
586 2564 646 2627 ego
668 2566 726 2627 pro
748 2548 782 2609 te
811 2544 938 2608 molam.
983 2544 1019 2627 2,
1041 2545 1077 2626 2,
1099 2546 1121 2607 4
1142 2545 1171 2608 01
1191 2545 1257 2608 iam
1280 2545 1417 2610 audierit

270 2645 332 2709 sibi
364 2649 491 2730 paratas
524 2646 664 2729 nuptias.
713 2648 750 2730 3,
778 2647 815 2728 2,
848 2647 888 2709 14
909 2650 947 2708 ut
976 2646 1078 2709 metui
1111 2644 1220 2709 videar
1253 2650 1358 2729 certe,
1391 2645 1417 2708 si

272 2747 465 2812 resciverim.
511 2746 571 2811 Ad.
594 2747 625 2827 2,
651 2752 678 2828 l,
705 2748 742 2811 17
765 2747 792 2811 si
814 2746 985 2810 innuerim.
1030 2745 1135 2830 (Nach
1159 2745 1276 2811 Holtae
1291 2746 1335 2831 ΙΙ,
1353 2748 1416 2827 79.)

355 2848 494 2914 Cicero
528 2847 620 2912 Rosc.
650 2849 721 2912 Am.
749 2848 808 2930 44,
841 2848 900 2911 128
934 2847 1029 2911 facile
1058 2851 1235 2931 egestatem
1264 2870 1355 2912 suam
1385 2869 1418 2911 se

268 2952 407 3016 laturum
440 2954 548 3032 putat,
581 2951 606 3013 si
641 2951 701 3013 hac
732 2950 867 3033 indigna
895 2949 1076 3033 suspicione
1109 2957 1142 3012 et
1173 2948 1249 3013 11010
1284 2951 1418 3014 crimine

273 3055 425 3117 liberatus
449 3052 499 3116 011.
540 3053 606 3118 Art.
630 3052 658 3129 7,
683 3052 711 3129 7,
736 3052 753 3113 7
778 3054 812 3115 at
832 3051 911 3115 illud
935 3050 1083 3115 omnibus
1105 3049 1324 3135 (exploratum
1346 3052 1419 3137 est),

271 3156 299 3218 si
321 3155 399 3218 boni
421 3154 498 3218 11011
520 3154 595 3235 sint,
616 3146 676 3217 nec
700 3151 734 3216 in
756 3153 852 3216 caede
874 3154 1056 3236 principum
1073 3152 1315 3217 clementiorem
1331 3153 1419 3219 hunc

272 3257 341 3320 1010
363 3277 423 3319 nec
446 3259 501 3319 011.
540 3256 568 3333 1,
593 3255 622 3332 8,
645 3255 667 3317 4
688 3254 734 3318 010
764 3255 849 3318 enim
872 3255 1050 3333 existimat,
1079 3254 1106 3318 01
1133 3254 1188 3318 ille
1209 3254 1260 3317 vel
1284 3254 1418 3320 dimisso

271 3359 413 3421 exercitu
437 3355 547 3421 consul
569 3355 675 3419 factus
698 3356 754 3440 sit,
778 3355 945 3438 σύγχυσιν
966 3359 1026 3438 τῆς
1037 3358 1217 3451 ‘prote-relus
1238 3356 1320 3421 1010.
1358 3356 1420 3420 Mn

169 3479 171 3482 ·
269 3458 414 3523 Unrecht
436 3457 522 3522 nieht
543 3456 674 3541 Madvig
696 3457 751 3521 Gr.
774 3461 805 3539 ξ.
828 3457 892 3521 319
914 3457 995 3521 auch
1018 3456 1110 3521 Verr.
1134 3457 1170 3540 5,
1196 3460 1229 3539 1,
1252 3458 1273 3522 3
1297 3457 1416 3536 hieher‚

270 3582 318 3624 wo
344 3562 456 3641 feccrit
482 3561 538 3625 der
560 3558 752 3643 Oonjunctiv
776 3558 830 3623 des
853 3558 1019 3643 logischen
1041 3558 1185 3622 Perfecta
1206 3559 1260 3623 ist.
1286 3597 1324 3606 -
1348 3558 1418 3624 Nur

269 3662 334 3726 ein
371 3662 437 3749 Mal
477 3661 535 3726 hat
572 3658 685 3726 Cicero
727 3664 806 3725 stult
848 3660 904 3724 der
940 3660 1150 3726 Perfectform
1189 3660 1282 3724 einen
1321 3662 1416 3725 wirlr·

268 3763 377 3827 lichen
406 3764 597 3846 Conjunctiv
624 3763 679 3827 des
706 3763 841 3827 aweiten
869 3761 1055 3827 Futurnms:
1083 3764 1124 3826 ad
1151 3762 1228 3826 fam.
1250 3763 1287 3847 6,
1319 3766 1372 3844 12,
1395 3764 1415 3828 3

270 3886 330 3929 nec
359 3864 470 3928 dubito
498 3866 590 3947 quin,
627 3865 753 3949 legente
781 3869 813 3928 te
841 3864 899 3928 has
928 3864 1070 3947 litteras,
1105 3864 1244 3945 confecta
1272 3866 1336 3930 ism
1365 3887 1422 3929 res

267 3967 380 4046 [111110
401 3968 451 4030 sit.

356 4066 499 4131 Caesar
526 4067 554 4131 b.
577 4088 604 4130 0.
631 4071 663 4150 l,
685 4069 742 4151 26,
766 4070 788 4132 4
808 4089 1005 4153 magnopere
1034 4089 1068 4131 se
1094 4068 1255 4132 confidere
1284 4069 1418 4132 demon-
