2932 5056
725 310 934 374 ..90-

341 465 372 543 a)
400 461 447 525 lm
470 463 657 546 negirten
680 461 773 528 Satze
796 461 875 526 wird
896 462 988 528 nicht
1010 464 1061 528 die
1083 463 1238 530 Exiatenz
1260 465 1316 529 des
1338 465 1395 529 mit

255 564 373 645 aliquis
400 562 628 629 bezeichneteu
651 564 808 649 Begriffes
838 565 1025 650 galangam,
1059 567 1199 631 sondern
1227 567 1286 631 das
1313 567 1395 631 affir-

255 665 373 729 mative
389 664 590 729 Verhiiltniss
613 665 657 729 ist
678 664 874 749 verbanden,
898 667 1023 732 kommt
1043 668 1121 733 aber
1142 668 1234 733 nieht
1256 671 1396 732 1111111-

254 766 424 852 wendung.
470 769 533 831 Am
566 766 780 833 deutlichsten
810 769 897 853 aeigt
930 767 998 833 sieh
1033 770 1101 834 dies
1129 770 1163 834 in
1186 768 1306 835 Sttzen
1337 771 1395 840 wie

255 869 335 935 (lic.
358 869 453 934 Tusc.
478 871 506 946 1,
529 868 571 933 36
594 889 668 933 cum
689 869 809 953 aliquid
831 891 896 936 non
917 869 1036 936 habeas
1064 874 1097 936 et
1124 891 1192 936 non
1218 871 1339 936 habere
1367 877 1398 936 te

254 971 385 1036 sentias.
423 968 554 1034 Sodann
576 970 611 1034 in
624 992 690 1037 non
711 973 829 1055 aliquio
850 973 911 1037 mit
924 972 1110 1058 folgenden
1124 976 1196 1039 scd:
1218 972 1397 1039 dicentii.

256 1074 282 1151 1,
305 1073 325 1137 6
348 1071 459 1137 sceleri
482 1093 519 1137 ac
541 1072 639 1138 furori
663 1076 718 1137 tuo
740 1095 806 1138 non
830 1078 969 1138 mentem
998 1075 1138 1160 aliquam
1165 1077 1221 1140 aut
1248 1075 1398 1141 timorem

254 1178 355 1255 tuum,
378 1172 617 1238 sed-fortunam
638 1175 749 1261 populi
764 1174 804 1239 R.
828 1176 997 1242 obstitisse.
1032 1177 1097 1242 inv.
1113 1178 1143 1262 2,
1158 1178 1201 1243 52
1223 1199 1290 1241 non
1313 1199 1398 1242 emo-

254 1275 397 1363 lumento
427 1279 560 1358 captans
587 1275 709 1360 aliquo,
742 1277 796 1342 sed
819 1300 851 1362 p.
876 1276 958 1342 Sest.
983 1279 1026 1343 24
1052 1280 1202 1363 expulsus
1236 1284 1304 1342 non
1328 1279 1398 1365 ¹alio

255 1376 372 1462 aliquo,
397 1376 451 1441 sed
468 1398 505 1441 eo
520 1378 590 1462 ipso
606 1378 748 1447 crimine.
781 1403 813 1464 p.
830 1379 898 1444 Mil.
916 1380 946 1463 9,
963 1379 1006 1444 24
1020 1401 1096 1461 non,
1119 1384 1155 1445 ut
1170 1382 1217 1464 fit,
1240 1379 1399 1465 religione

254 1478 376 1563 aliqua,
399 1478 454 1543 sed
477 1483 513 1544 ut
533 1474 681 1564 hab⁰erct‚
704 1482 786 1565 quod
809 1483 877 1567 ipse
899 1480 1040 1564 dicebat,
1071 1481 1112 1546 ad
1136 1486 1324 1566 praeturam
1345 1504 1398 1568 ge·

256 1581 390 1646 rendam
412 1618 454 1629 —
475 1567 606 1666 plenum
629 1604 759 1648 annum.
793 1606 825 1667 p.
848 1583 957 1647 Balbo·
972 1583 1013 1648 28
1036 1586 1072 1646 nt
1093 1582 1257 1648 hominem
1275 1621 1314 1632 -
1330 1607 1397 1649 non
1419 1616 1451 1629 -

255 1682 295 1746 ob
310 1681 410 1766 ipsius
425 1682 555 1768 aliquod
571 1683 732 1768 delictum,
754 1686 808 1749 sed
831 1684 873 1749 ob
895 1706 987 1749 suam
1008 1685 1260 1751 familiaritatem
1283 1687 1399 1752 vestris

254 1806 441 1870 oppressum
463 1785 632 1851 sententiis
655 1787 772 1851 audiat.
807 1808 837 1871 p.
853 1785 992 1869 (lacet,
1011 1787 1050 1850 14
1072 1807 1144 1852 non
1159 1789 1397 1855 necessitudine

254 1887 376 1971 aliqua,
404 1886 458 1951 sed
483 1887 559 1952 ficto
582 1887 688 1952 officio
712 1926 753 1936 —
776 1889 973 1953 coniunctus.
1018 1886 1105 1952 Lael.
1128 1889 1168 1952 21
1191 1912 1259 1954 non
1281 1895 1319 1955 ut
1341 1891 1398 1955 ali·

258 2009 353 2072 quam
376 2011 395 2053 a
417 2010 450 2054 se
472 1989 541 2073 ipse
563 1991 741 2056 mercedem
763 1990 885 2075 exigat,
909 1989 964 2054 sed
987 1989 1081 2074 quod.
1112 1989 1151 2054 de
1167 2011 1213 2059 or.
1233 1995 1262 2076 1,
1278 1993 1322 2057 23
1344 1993 1398 2076 qui

253 2112 321 2155 non
334 2090 448 2156 Graeci
464 2090 599 2156 alicuius
612 2092 829 2177 quotidianam
847 2091 1071 2176 loquacitatem
1083 2093 1314 2177 -ssquirunt
1332 2096 1397 2160 sed.

258 2197 287 2275 1,
309 2194 351 2257 48
379 2213 447 2257 non
481 2192 587 2278 aliqua
616 2193 695 2258 mihi
723 2194 871 2260 doctrina
898 2193 1030 2273 tradita,
1058 2193 1123 2259 sed.
1160 2197 1241 2263 orat.
1269 2196 1310 2260 15
1331 2218 1397 2262 non

253 2295 339 2360 enim
361 2295 608 2359 declamatorem
629 2295 766 2380 aliquem
789 2299 844 2360 aut
865 2292 1010 2359 rabulam
1023 2295 1062 2359 de
1077 2295 1157 2374 foro,
1180 2295 1235 2360 sed
1251 2297 1398 2363 doctissi-

253 2419 340 2462 mum
363 2401 395 2461 et
416 2397 685 2482 perfectissimum
706 2397 896 2482 quaerimus.
920 2398 959 2462 61
975 2418 1043 2468 non
1059 2397 1098 2461 ad
1114 2418 1211 2483 unam
1227 2398 1314 2464 enim
1329 2422 1397 2465 rem

254 2500 404 2586 aliquam,
427 2499 481 2563 sed
505 2499 544 2562 ad
566 2499 673 2583 plures
696 2499 965 2588 accommodatur.
999 2500 1068 2562 Att.
1088 2501 1116 2578 1,
1134 2499 1182 2582 18,
1198 2500 1302 2566 211011
1325 2502 1398 2568 odic

252 2602 407 2667 adductus
429 2600 574 2681 alicuius,
597 2600 662 2664 sed.
699 2602 749 2681 10,
763 2602 784 2665 4
799 2623 859 2666 nec
874 2601 1011 2666 remittit
1026 2600 1156 2684 aliquid,
1180 2601 1246 2666 sed.
1287 2604 1397 2688 12,12

253 2724 318 2768 non
340 2724 403 2787 quo
426 2701 544 2786 aliquid
567 2724 606 2766 ex
627 2701 667 2766 iis
689 2708 880 2786 exspectem,
903 2702 967 2767 sed.
1000 2702 1104 2788 (Aber
1122 2701 1170 2783 12,
1190 2703 1230 2765 14
1252 2725 1319 2769 non
1335 2729 1397 2790 quo

252 2803 419 2889 proficiam
442 2805 526 2886 quid,
550 2804 663 2869 sed-
679 2825 727 2868 wo
743 2804 879 2868 Lambin
900 2805 972 2868 dem
990 2803 1073 2869 Usus
1096 2826 1134 2868 zu
1149 2802 1249 2869 Liebe
1272 2808 1398 2890 aliquid

252 2905 418 2992 schreibt).
462 2905 499 2981 Q.
521 2905 587 2972 (lic.
611 2909 675 2990 pet.
699 2927 787 2971 cons.
812 2908 839 2985 1,
864 2909 881 2970 1
905 2926 971 2971 non
995 2909 1031 2970 ut
1053 2904 1173 2988 aliquid
1195 2928 1234 2969 ex
1258 2906 1298 2972 iis
1322 2910 1396 2974 novi

253 3009 447 3090 addisceres,
471 3009 525 3074 seu
569 3010 592 3074 t.

337 3110 425 3180 Tac.
447 3110 477 3174 d.
502 3111 610 3175 tinen
634 3131 698 3175 uno
721 3110 826 3195 aliquo
849 3114 1021 3189 momento,
1045 3111 1099 3175 sed
1123 3112 1273 3177 omnibus
1296 3135 1396 3199 prope

252 3214 372 3282 diebus.
397 3250 435 3260 -
458 3212 626 3296 August.
651 3212 709 3278 civ.
732 3211 784 3276 dei
807 3212 855 3291 10,
878 3212 1008 3278 2511011
1037 3212 1157 3298 aliquid
1186 3215 1228 3278 ab
1257 3235 1311 3295 eo,
1342 3214 1396 3281 sed

253 3316 358 3402 ipsum
378 3313 507 3398 (‚,nicht
522 3317 605 3379 etwa
620 3314 716 3379 einen
731 3312 824 3377 Theil
838 3334 900 3377 von
920 3315 996 3396 ihm,
1020 3316 1159 3381 sondern
1173 3314 1233 3381 ihn
1248 3316 1395 3398 selbst“).

337 3418 431 3483 Ohne
458 3415 521 3481 den
549 3414 649 3498 durch
675 3417 730 3480 aed
756 3416 1055 3501 auegesprochenen
1085 3417 1281 3502 Gegensatc:
1318 3419 1395 3484 Cic.

252 3522 335 3605 legg.
361 3523 388 3599 1,
412 3519 432 3584 8
454 3519 578 3583 nullum
601 3521 650 3582 est
671 3516 789 3581 animal
812 3521 939 3601 praeter
960 3519 1140 3603 hominem,
1168 3519 1254 3603 quod
1278 3520 1398 3586 habeat

253 3622 403 3687 notitiam
419 3622 559 3706 aliquam
568 3619 628 3685 dei.
651 3619 716 3683 inv.
733 3622 761 3702 1,
775 3620 795 3684 9
807 3619 993 3684 deliberatio
1006 3620 1106 3705 igitur
1117 3625 1151 3686 et
1161 3621 1395 3687 demonstratio

252 3746 319 3789 non
340 3728 477 3809 possunt
499 3726 584 3788 recte
606 3724 714 3805 partes
736 3720 870 3785 alicuius
890 3723 1019 3806 generis
1035 3743 1149 3787 causae
1164 3723 1284 3808 putari.
1312 3726 1340 3809 1,
1355 3725 1398 3790 54

252 3826 336 3910 quod
359 3826 535 3891 nobishoc
557 3823 668 3908 primis
691 3821 842 3888 acciderit
863 3843 922 3887 nec
945 3823 1040 3888 alicui
1063 3846 1203 3907 unquam
1227 3847 1396 3892 usn-vene·

252 3929 304 3995 rit.
334 3951 364 4012 p.
389 3927 481 3993 Font.
504 3927 601 4012 frgm.
625 3926 654 4008 3,
676 3925 697 3988 5
719 3924 808 3989 nulla
829 3923 963 3988 alicuius
986 3925 1095 3989 delicti
1117 3926 1269 4009 suspicio.
1308 3929 1396 3993 acad.

252 4051 299 4113 pr.
322 4030 354 4111 2,
377 4029 419 4095 32
447 4033 483 4094 ut
510 4050 613 4113 neque
640 4030 737 4111 neget
765 4025 883 4110 aliquid
911 4047 1015 4110 neque
1040 4027 1114 4091 aiat.
1151 4031 1218 4091 nat.
1242 4027 1275 4097 d.
1303 4033 1331 4113 l,
1355 4031 1394 4093 21

252 4153 311 4195 neo
343 4152 403 4217 ego
436 4152 523 4196 nunc
553 4131 621 4214 ipse
649 4126 768 4211 aliquid
797 4129 925 4193 afferam
956 4127 1078 4195 melius.
1117 4128 1261 4195 011156
1292 4153 1397 4216 neque

252 4232 393 4297 habebat
418 4233 557 4317 aliquam
585 4229 861 4296 necessitudinem.
904 4227 996 4296 Verr.
1022 4233 1049 4312 1,
1072 4229 1123 4313 55,
1149 4231 1211 4294 144
1239 4253 1302 4298 nec
1325 4254 1397 4298 cnm

253 4334 435 4399 defensione
457 4334 564 4418 aliqua
586 4331 741 4398 confiteri.
775 4331 806 4413 4,
831 4331 860 4413 7,
887 4331 926 4394 14
947 4352 1049 4414 neque
1072 4330 1265 4396 difficultate
1289 4333 1398 4419 aliqua

252 4437 415 4520 temporis.
456 4435 547 4503 Tusc.
565 4437 593 4518 1,
608 4434 675 4518 3,6
697 4453 757 4497 nec
780 4432 990 4497 delectatione
1012 4432 1120 4516 aliqua
1141 4432 1281 4499 allicere.
1319 4436 1398 4501 fam.
