3084 5064
621 318 852 383 -4292-

253 472 346 538 Aueh
361 470 502 537 Laetanz
518 472 595 538 bebt
613 473 712 538 durch
735 475 775 538 ab
798 473 855 538 das
871 473 1002 556 Subject
1024 473 1155 538 herror:
1177 476 1206 554 6,
1225 474 1274 554 12,
1292 476 1309 539 't

167 575 249 640 nihil
273 579 379 640 autem
403 598 422 640 3
445 577 511 639 viro
533 576 617 640 iusto
640 575 824 640 faciendum
846 576 909 640 nisi
932 576 1016 659 quod
1045 576 1088 640 sit
1109 577 1310 642 beneficium.

169 677 208 741 de
230 677 278 741 ira
300 677 360 742 Dei
376 678 426 755 22,
450 679 470 742 3
494 679 692 762 argumentis
715 678 844 743 fuerant
865 700 884 742 3
905 678 998 742 33113
1020 677 1197 743 refellendi.
1235 678 1310 762 epit.

167 780 219 858 66,
244 782 259 843 1
284 802 366 864 3333
391 779 497 862 (fides)
521 779 657 844 maxime
680 801 698 842 3
720 780 813 844 33113
836 780 1054 844 conservanda
1077 784 1133 845 est

250 881 281 946 2.
317 880 382 947 Der
406 881 501 945 Datis
524 880 629 966 hbngt
651 902 713 944 von
742 880 914 946 anderen
938 882 1073 945 Formen
1095 883 1150 946 des
1172 881 1311 963 Passivs,

167 982 365 1048 namentliob
388 1004 450 1047 von
473 985 576 1046 einem
601 984 660 1045 mit
676 983 747 1046 dem
763 983 908 1048 Partio.
932 985 1107 1068 perfecti
1128 983 1311 1068 gebildeten

166 1084 306 1164 Tempus
329 1085 380 1150 31.
404 1122 443 1131 -
465 1083 528 1148 Zur
549 1083 734 1170 Erkltrung
756 1091 829 1170 sagt
851 1085 1043 1170 Madvigde
1065 1087 1120 1150 fin.
1148 1090 1175 1168 1,
1198 1087 1230 1168 4,
1256 1087 1311 1150 ll:

167 1186 349 1270 „Exempla
372 1187 530 1250 bonorum
553 1188 747 1269 scriptorum
770 1208 881 1270 prosae
903 1188 1057 1251 orationis
1080 1174 1189 1252 autin
1214 1188 1311 1271 parti-

166 1289 249 1371 31313
271 1292 361 1371 3331,
389 1293 425 1353 31
446 1310 498 1352 res
521 1288 634 1353 effecta
654 1292 818 1373 tamquam
841 1293 977 1353 externa
1000 1293 1104 1353 exstet
1126 1292 1159 1353 et
1180 1289 1219 1352 ad
1241 1311 1310 1373 per-

167 1412 279 1455 sonam
308 1391 465 1454 referatur
493 1391 560 1455 sive
589 1389 746 1455 commodi
774 1391 840 1454 sive
867 1391 974 1475 311333
1001 1391 1155 1455 eiusmodi
1186 1392 1311 1455 ratione

167 1496 222 1556 aut
243 1493 277 1556 in
300 1493 453 1557 eiusmodi
476 1493 597 1570 verbis,
624 1497 755 1557 utnon
785 1493 886 1557 solum
909 1493 950 1555 ab
978 1491 1098 1576 aliqu0,
1129 1493 1183 1557 sed
1213 1494 1310 1558 etiam

166 1594 261 1658 311331
285 1616 336 1659 res
357 1595 425 1658 fieri
447 1594 662 1678 intelligatur,
686 1599 721 1658 31
743 1596 777 1659 13
799 1595 972 1679 quaerendi
994 1595 1127 1658 33313.α

250 1696 290 1760 13
322 1697 378 1760 der
406 1696 544 1760 11133133
574 1695 645 1761 Ζ311
676 1698 719 1761 131
750 1697 800 1761 die
829 1696 1059 1762 Construction
1087 1696 1170 1760 nooh
1198 1697 1310 1761 selten.

166 1797 283 1862 Holtzs
304 1797 330 1880 Ι,
353 1798 415 1863 312
445 1798 532 1861 oitirt
561 1820 617 1863 333
639 1797 779 1863 Ennius:
814 1820 890 1862 nam
925 1799 975 1862 cui
1004 1799 1088 1883 quod
1116 1803 1193 1883 agat
1219 1798 1310 1862 insti-

166 1903 311 1964 tutumst.
356 1898 459 1963 Pisut.
484 1899 579 1982 Epid.
603 1900 632 1978 2,
656 1900 685 1978 2,
709 1899 825 1982 411113,
850 1900 963 1983 331133
986 1900 1041 1985 (=
1064 1901 1231 1984 3331133)
1255 1899 1310 1962 tri·

166 2002 262 2065 butus
285 2001 389 2084 major
417 2002 581 2086 penditur,
608 2001 704 2084 pendi
733 2005 848 2084 potest.
893 2003 924 2084 3,
946 2003 976 2079 4,
999 2003 1038 2066 31
1068 2001 1310 2086 3333113313-

167 2105 323 2188 quaginta
345 2103 389 2166 mi
411 2103 468 2166 illa
490 2106 630 2186 emptast
651 2103 757 2166 minis.
795 2126 823 2170 v.
839 2104 881 2168 35
896 2105 986 2167 estne
1008 2107 1117 2187 empta
1139 2104 1219 2168 baso
1241 2101 1308 2166 mi?

166 2226 194 2272 v.
211 2205 252 2269 83
275 2227 325 2268 me
347 2206 478 2288 impune
499 2205 603 2282 irrisu,
627 2204 814 2288 depeculata
838 2205 917 2268 meis
940 2204 1008 2268 esse
1023 2204 1177 2271 habitum.
1215 2205 1308 2273 Most.

170 2309 198 2388 1,
222 2308 253 2391 3,
275 2308 314 2370 67
339 2307 366 2370 31
388 2307 448 2371 1111
471 2312 521 2370 331
543 2309 749 2390 acceptumst.
793 2306 866 2371 Ter.
890 2305 1017 2371 Phorm.
1040 2307 1071 2390 2,
1098 2309 1125 2386 1,
1151 2308 1310 2372 1831331·

166 2411 235 2471 tata
256 2408 335 2471 mihi
358 2413 434 2472 sunt
456 2408 563 2473 omnia
586 2430 656 2472 mea
677 2407 887 2472 incommoda.

251 2502 328 2574 oic'.
352 2510 391 2573 de
413 2511 477 2574 inv.
494 2510 525 2592 2,
548 2510 587 2573 12
608 2510 701 2574 33113
724 2514 773 2574 331
794 2511 983 2594 expositum.
1022 2511 1169 2596 (iffi--.li
1188 2515 1223 2576 ll
1249 2513 1311 2577 nisi
1365 2560 1372 2571 .

166 2613 195 2675 31
217 2651 255 2659 —-
279 2617 429 2696 percepta
451 2614 524 2677 3131.
568 2613 810 2704 1133133133
832 2613 894 2677 sibi
916 2635 995 2697 opus
1018 2635 1096 2678 esse.
1134 2614 1166 2694 2,
1181 2614 1221 2678 27
1245 2617 1310 2679 313-

165 2715 300 2779 ditatum
323 2715 415 2779 nobis
439 2737 507 2779 esse
529 2714 669 2778 debebit.
706 2714 749 2779 54
764 2714 842 2779 1333
859 2716 1007 2780 omnibus
1022 2719 1219 2800 pertractata
1241 2739 1309 2782 3333

164 2820 308 2899 possunt.
345 2816 583 2908 &lei—oratori
606 2854 647 2864 -
669 2818 777 2881 omnia
799 2817 956 2900 quaesita,
979 2817 1103 2897 audita,
1126 2818 1226 2902 13313,
1248 2817 1308 2882 dis·

165 2923 289 3002 putata,
312 2923 460 3002 tractata,
483 2920 608 3003 agitata
630 2940 698 2982 3333
721 2918 848 2983 (131331.
880 2923 965 3015 Qt.
989 2920 1106 3003 partb
1128 2919 1309 2984 auditorum

164 3042 255 3084 aures
277 3023 481 3086 moderantur
502 3021 620 3084 oratori
643 3020 792 3103 prudenti
815 3024 847 3084 31
869 3021 1009 3104 provido.
1047 3020 1140 3093 11333.
1165 3021 1312 3099 033315,
1438 3030 1441 3035 “

164 3121 191 3184 31
213 3121 276 3185 iam
299 3122 359 3185 tibi
382 3122 592 3185 deliberatum
615 3124 674 3184 331.
719 3120 812 3184 Catil.
838 3123 867 3203 1,
892 3123 909 3185 7
933 3122 987 3204 qui
1009 3122 1069 3185 tibi
1092 3144 1244 3206 persaepe
1268 3123 1307 3185 ad

164 3221 292 3287 eaedem
318 3223 484 3287 constituti
506 3222 646 3285 fuerunt.
671 3222 777 3285 -Verr.
794 3220 809 3285 1
825 3226 853 3303 ξ.
869 3223 911 3286 42
927 3221 1005 3285 mihi
1028 3223 1204 3288 constituta
1225 3226 1308 3289 sunt.

164 3327 231 3391 Att.
255 3325 289 3406 7,
314 3325 331 3388 't
362 3324 571 3388 constitutum
602 3344 672 3387 3333
699 3320 861 3405 Pompeio.
908 3313 1067 3414 031112,
1092 3326 1132 3387 12
1159 3325 1238 3388 mihi
1270 3362 1303 3371 —

165 3426 345 3490 consultum
368 3446 406 3489 33
428 3425 590 3507 provisum
614 3428 671 3488 est.
709 3424 783 3489 farn.
799 3424 829 3500 5,
847 3424 885 3487 19
900 3424 980 3495 mibi
996 3412 1165 3489 eonsilium
1180 3430 1308 3509 captum

164 3526 283 3590 iamdiu
307 3530 365 3588 est.
402 3549 434 3589 n.
459 3524 490 3609 d.
512 3526 579 3609 2,4
601 3526 679 3589 vitio
701 3526 762 3589 sibi
785 3525 1024 3590 tabernaculum
1047 3531 1175 3610 captum
1198 3528 1307 3592 fuisse.

163 3628 195 3707 2,
207 3628 249 3691 48
265 3626 375 3690 1331113
391 3620 601 3691 communiter
615 3627 704 3691 eibus
719 3630 892 3708 quaeritur.
916 3627 967 3692 off.
982 3629 1045 3710 3,9
1060 3629 1198 3692 honesta
1214 3629 1307 3693 bonis

165 3730 241 3793 viris
256 3737 460 3814 quaeruntur.
494 3729 588 3810 Tusa.
602 3730 633 3812 4,
651 3728 756 3793 19331
772 3747 836 3793 non
851 3734 926 3793 sunt
941 3730 1067 3795 auditae
1082 3729 1309 3794 Demosthenis

165 3831 319 3917 vigiliae?
363 3831 402 3910 2,
428 3833 443 3893 1
479 3831 712 3915 disputatione,
748 3853 828 3915 quae
861 3830 940 3894 mibi
973 3853 1076 3915 nuper
1108 3832 1219 3896 habita
1250 3835 1307 3897 331.

163 3932 244 3997 Tim.
269 3933 288 3997 8
323 3932 376 3997 sed
408 3932 486 3996 haec
512 3934 589 3997 33113
612 3934 679 3997 3131
700 3933 786 3996 diota
808 3933 909 4000 nobis.
952 3934 1037 4018 legg.
1063 3937 1091 4017 1,
1117 3936 1154 3998 18
1177 3941 1214 3999 31
1236 3955 1309 3999 con·

164 4035 251 4098 31333
274 4033 355 4097 mihi
378 4034 440 4098 iam
465 4033 546 4098 1333
569 4035 613 4099 311
635 4035 738 4099 omnis
761 4035 872 4099 oratio.
917 4034 1010 4100 Tuso.
1033 4036 1063 4120 2,
1084 4037 1106 4099 4
1135 4042 1184 4100 331
1210 4037 1310 4121 igitur

162 4136 399 4201 ambulantibus
433 4136 472 4201 ad
505 4136 592 4201 buno
623 4132 888 4201 3313333333
922 4137 975 4201 1113
1008 4137 1099 4202 33113
1133 4139 1308 4206 1331113133.

161 4239 237 4303 fam.
262 4240 291 4320 7,
319 4238 361 4302 23
392 4236 545 4302 exhedria
573 4239 653 4302 mihi
681 4260 765 4302 nova
793 4242 868 4302 sunt
895 4239 1053 4304 inst'tuta.
1098 4242 1127 4323 1,
1155 4241 1196 4336 33
1228 4240 1307 4303 mihi

162 4341 247 4404 enim
275 4340 449 4403 iudicatum
479 4343 529 4404 331
551 4341 646 4424 (,,131
675 4340 737 4403 mir
765 4340 852 4404 steht
879 4340 1051 4423 33133111).
1095 4340 1188 4405 Τ333.
1211 4344 1242 4424 3,
1269 4344 1307 4406 14

162 4441 276 4524 331133
299 4464 366 4506 333
389 4443 510 4506 fuerint
533 4443 682 4526 cogitata.
727 4441 819 4506 Verr.
843 4444 873 4524 4,
896 4444 938 4505 42
960 4464 1010 4507 res
1034 4441 1111 4506 mihi
1140 4447 1209 4507 1313
1235 4465 1307 4528 pro·
