2932 5070
701 302 911 365 ..78-

230 453 383 519 custodis.
421 454 451 535 3,
480 455 518 516 12
546 458 582 516 ut
610 452 692 517 nihil
722 476 814 517 suurn
840 456 991 538 cuiusque
1019 454 1070 518 sit.
1093 493 1135 502 —-
1158 453 1296 519 Hierher
1321 478 1375 540 gc·

230 555 332 619 hliren
365 555 448 618 such
480 555 631 640 folgende
664 555 787 620 Stellen
816 578 873 619 sus
906 554 1125 620 Dichtern:
1164 556 1255 620 Lucr.
1279 558 1309 635 4,
1333 559 1376 620 44

231 677 303 718 oum
332 677 446 740 corpus
476 657 570 721 simul
598 661 693 742 atquo
722 657 819 721 animi
848 661 964 721 natura
985 660 1151 741 perempta
1173 657 1205 722 in
1231 680 1290 721 sua
1313 657 1377 721 dis·

232 779 356 822 cessum
378 759 524 823 dederint
546 760 720 844 primordia
743 780 886 843 quaeque
910 761 944 840 (i.
961 782 986 823 e.
1010 760 1120 824 omnia
1142 761 1177 823 in
1199 782 1257 823 sua
1278 760 1375 844 prim.

230 860 457 944 discesserint).
502 859 594 946 Virg.
629 862 728 946 eclog.
760 862 789 944 7,
812 861 855 925 54
888 864 989 925 strata
1023 862 1132 925 iacent
1165 861 1284 945 passim
1318 884 1377 925 sue

230 961 392 1047 (Ablativ)
425 984 569 1046 quaeque
599 963 658 1028 sub
688 964 800 1027 arbore
827 985 933 1046 poma.
976 962 1092 1027 Juven.
1117 964 1147 1046 7,
1171 964 1233 1029 213
1268 964 1376 1028 caedit

229 1085 288 1126 sua
309 1085 465 1148 quemque
488 1064 644 1132 iuventus

314 1166 344 1228 2.
382 1165 468 1231 Suus
496 1206 530 1214 —
558 1168 688 1249 quisque
729 1167 922 1251 corrgruiren
960 1166 994 1228 in
1032 1166 1225 1250 gleichem
1263 1165 1375 1232 Casus.

229 1265 327 1330 Dann
354 1267 455 1331 heisst
481 1288 558 1333 suos
586 1289 621 1332 so
650 1269 712 1332 viel
741 1269 800 1334 wie
830 1270 1000 1351 legitimare,
1028 1269 1158 1332 sonas
1186 1268 1375 1353 („pussend,

228 1369 423 1452 respectiv“)
446 1370 511 1433 und
532 1369 587 1434 des
607 1369 839 1454 hinzugelr'igte
861 1371 991 1451 quisquc
1011 1369 1089 1433 hebt
1109 1369 1160 1434 die
1174 1368 1374 1455 Zogehbrig·

228 1469 296 1533 keit
324 1471 400 1534 oder
424 1469 654 1557 Vertheilung,
683 1471 803 1536 welche
830 1472 929 1536 durch
958 1471 1015 1535 dus
1044 1471 1150 1536 blosse
1172 1471 1374 1536 Reflerivum

229 1572 415 1636 bezeichnet
444 1572 538 1654 vird,
573 1573 664 1637 mehr
695 1572 820 1637 hervor.
864 1573 964 1638 Poeta
997 1596 1047 1657 ap.
1078 1572 1160 1657 Nep.
1183 1576 1252 1638 Att.
1279 1574 1374 1655 11,6

229 1673 278 1736 sui
305 1673 422 1757 quique
450 1696 553 1738 mores
587 1675 716 1759 fingunt
747 1674 911 1739 fortunam
943 1674 1127 1739 hominibus
1162 1678 1232 1757 (aus
1267 1675 1375 1740 einem

228 1774 482 1840 vorklassisohen
498 1775 662 1858 Komiker,
686 1776 769 1861 nach
791 1776 884 1841 Ribb.
909 1764 997 1842 Gom.
1021 1777 1077 1841 lat.
1100 1776 1155 1841 rel.
1179 1777 1374 1861 ng.108).
1431 1827 1435 1829 Δ

228 1876 308 1940 (lic.
339 1878 377 1940 de
404 1899 449 1941 or.
474 1879 504 1959 3,
527 1879 567 1942 51
597 1899 676 1961 quas
704 1882 813 1943 tamen
841 1879 926 1943 inter
953 1901 1065 1944 omnes
1096 1883 1145 1942 est
1167 1900 1224 1942 suo
1247 1900 1374 1962 quoque

229 1980 261 2042 in
286 1999 404 2063 genere
426 1980 604 2044 mediocris.
642 1980 696 2045 fin.
720 1981 751 2062 5,
779 1981 816 2043 11
839 1981 914 2064 quia
938 1982 1089 2065 cuiusque
1112 1980 1212 2063 partis
1235 1985 1374 2044 naturae

149 2083 152 2087 ’
230 2084 263 2144 et
285 2081 319 2144 in
342 2103 475 2164 corpore
503 2087 536 2146 et
563 2082 598 2145 in
620 2082 725 2146 animo
748 2103 806 2145 sua
827 2103 970 2167 quaeque
997 2084 1046 2146 vis
1073 2082 1116 2145 sit
1139 2082 1219 2165 (vgl.
1242 2081 1376 2165 Madvig

228 2205 268 2246 zu
297 2183 325 2246 d.
349 2183 421 2269 St).
455 2184 542 2248 acad.
577 2185 663 2268 2,1,
690 2184 728 2247 19
759 2188 796 2247 ut
829 2204 923 2247 nemo
957 2183 1000 2248 sit
1033 2171 1194 2267 nostrum,
1226 2184 1305 2266 quin
1338 2184 1372 2247 in

229 2285 375 2348 sensibus
390 2287 440 2349 sui
457 2285 607 2370 cuiusque
622 2286 750 2371 generis
765 2285 918 2349 iudicium
929 2286 1071 2369 requirat
1084 2285 1197 2349 acrius.
1221 2283 1373 2348 Dieselbe

128 2420 131 2427 ,
231 2384 444 2472 Verbinduug
473 2389 522 2452 bei
552 2387 676 2452 Varro
699 2387 719 2455 l.
742 2387 761 2451 l.
785 2387 805 2451 8
827 2410 858 2471 p.
884 2387 944 2452 132
968 2387 1038 2471 Bip.
1061 2387 1082 2450 9
1103 2409 1134 2470 p.
1161 2388 1230 2451 112.
1279 2386 1372 2450 Auch

230 2488 302 2571 8p.
329 2489 389 2552 154
417 2487 560 2552 schreibt
582 2488 681 2553 Wex:
717 2489 771 2553 sed
799 2488 833 2552 in
862 2509 919 2553 suo
948 2511 1070 2573 quoque
1099 2489 1195 2574 (statt
1221 2488 1373 2572 quisque)

229 2590 293 2653 und
316 2613 348 2674 p.
375 2591 435 2655 133
468 2591 503 2655 in
533 2612 590 2654 suo
623 2595 758 2674 utroque
791 2612 918 2675 genere.
962 2590 1150 2655 Lachmann
1184 2589 1236 2654 bel
1259 2590 1373 2654 Lucr.

192 2687 194 2689 ’
229 2691 261 2773 2,
283 2691 346 2756 372
369 2692 485 2775 quique
512 2691 606 2778 (Abi.
623 2696 702 2755 stult
723 2692 780 2757 der
801 2691 944 2777 Vulgata
966 2692 1127 2777 quodque)
1156 2713 1213 2756 suo
1242 2713 1371 2776 genere.

226 2830 268 2841 —
288 2793 396 2858 Caes.
427 2793 457 2857 b.
483 2815 510 2858 c.
535 2797 563 2877 1,
585 2794 627 2858 83
659 2795 742 2859 oliae
774 2795 909 2860 totidem
943 2815 1018 2859 snae
1051 2794 1203 2877 cuiusque
1234 2793 1374 2878 legionis

228 2894 510 2978 subsequebantur.
530 2933 566 2943 —
584 2895 663 2960 Liv.
686 2897 717 2978 3,
740 2897 782 2960 22
804 2896 925 2981 equites
947 2896 1024 2960 item
1047 2917 1123 2960 sose
1147 2896 1260 2979 cuique
1286 2897 1373 2979 parti

228 2999 302 3079 post
324 2989 483 3082 principie
498 2998 637 3063 collocat
659 2998 738 3082 (vgl.
761 2997 901 3062 dsselbst
917 2997 1126 3082 Weissenb.).
1147 2997 1234 3079 24,3
1256 3019 1373 3083 greges

227 3099 275 3161 sui
310 3099 460 3183 cuiusque
493 3100 630 3184 generis.
675 3100 732 3182 25,
764 3101 800 3163 11
835 3121 911 3164 suse
943 3101 1058 3183 cuique
1090 3099 1182 3183 genti
1219 3099 1373 3163 adsuetis.

226 3199 313 3264 Tac.
337 3222 412 3267 ann.
438 3204 486 3284 14,
508 3202 548 3265 27
578 3204 610 3265 et
642 3200 882 3266 centurionibus
914 3207 947 3266 et
979 3203 1029 3266 sui
1061 3203 1213 3285 cuiusque
1247 3201 1373 3265 ordinis

226 3303 415 3366 militibus:
439 3303 542 3367 Suet.
566 3302 649 3387 Aug.
672 3303 715 3365 40
742 3307 778 3365 ut
806 3304 855 3368 sui
883 3304 1034 3387 cuiusque
1063 3303 1181 3367 mensis
1210 3303 1374 3386 acciperet

226 3406 262 3488 (i.
279 3428 304 3468 e.
330 3408 367 3469 ut
388 3405 480 3488 plebs
503 3406 647 3490 singulas
662 3408 800 3469 tesseras
822 3405 988 3495 duodecim
1003 3406 1160 3470 mensium
1184 3405 1373 3491 acciperet).

227 3505 381 3571 Colum.
398 3507 428 3589 3,
453 3511 467 3570 1
493 3508 541 3571 sui
564 3508 715 3591 cuiusque
738 3508 861 3593 ingenii
890 3529 985 3592 poma
1013 3509 1063 3572 vel
1092 3507 1214 3571 semina
1241 3513 1374 3591 gerunt.

228 3608 369 3672 Festus
391 3631 422 3692 p.
445 3609 517 3692 344,
541 3610 580 3678 21
610 3631 668 3693 pro
692 3631 750 3674 suu
775 3631 898 3695 quaque
926 3615 1027 3693 parte.
1073 3608 1173 3672 Gell.
1200 3609 1247 3691 10,
1272 3608 1293 3672 9
1321 3610 1373 3672 sui

228 3710 379 3794 cuiusque
402 3711 548 3775 vocabuli
570 3711 735 3796 imagines.
760 3749 797 3761 -
822 3710 865 3777 So
894 3710 975 3776 auch
1006 3712 1057 3775 bei
1080 3710 1169 3774 Orts·
1199 3709 1264 3772 und
1288 3708 1373 3774 Zeis

227 3812 484 3899 bestimmungen
508 3812 608 3876 durch
630 3815 728 3897 locus,
751 3819 883 3896 tempus,
907 3834 1028 3896 unane,
1057 3814 1138 3878 dias:
1166 3809 1271 3875 Varro
1293 3833 1320 3875 r.
1344 3834 1371 3876 r.

228 3916 257 3998 1,
282 3917 299 3979 7
323 3915 389 3980 und
414 3917 442 3998 1,
466 3917 507 3978 22
529 3937 586 3980 suo
608 3937 731 4001 quoque
754 3916 836 3981 loco.
882 3915 1038 3980 Vitruv.
1061 3916 1091 3994 2,
1115 3915 1143 3991 9,
1168 3915 1269 3977 4.suo
1292 3936 1373 3998 quo·

226 4038 286 4099 que
319 4021 471 4101 tempore.
516 4017 670 4082 Dasselbe
705 4018 755 4082 bei
789 4017 889 4082 Gaius
922 4016 997 4102 Dig.
1030 4018 1083 4098 19,
1113 4018 1145 4081 2.
1176 4053 1212 4062 ——
1244 4014 1371 4081 Colum.

228 4119 320 4201 ll,3
351 4140 447 4203 opera
473 4142 554 4204 quae
582 4120 647 4185 suis
678 4121 854 4205 quibusque
882 4107 1081 4204 temporibus
1114 4117 1193 4183 enni
1225 4117 1371 4183 villicum

189 4258 192 4262 -
226 4222 354 4304 exsequi
385 4227 558 4305 oporteret.
602 4223 681 4287 Liv.
705 4224 763 4306 33,
786 4224 829 4290 46
862 4244 919 4287 suo
953 4243 1078 4306 quoque
1109 4242 1207 4286 anno.
1252 4220 1373 4287 Paulus

225 4323 297 4407 Dig.
321 4324 371 4404 22,
399 4327 412 4386 1
443 4325 505 4411 nisi
533 4346 591 4388 sua
618 4347 742 4409 quaque
769 4326 820 4390 die
841 4347 955 4390 usurae
977 4326 1225 4390 exsolverentur.
1272 4326 1366 4391 Pom-

225 4427 340 4511 ponius
364 4428 437 4513 llig.
464 4428 512 4510 13,
536 4428 565 4488 7.
