2926 5070
703 338 933 401 -272-

329 492 359 555 2.
384 488 494 555 Durrh
516 489 792 553 subordinirte
815 489 919 556 seue.

328 613 356 655 a.
380 589 591 656 Gewbhnlirh
613 591 727 655 stehen
750 591 853 673 diese,
876 590 931 654 der
953 589 1056 675 Regel
1078 595 1216 675 gemfiss,
1246 590 1286 653 in
1315 612 1386 654 un-

242 692 431 777 gleiehen
457 691 736 775 Temporibus:
774 691 838 756 Cir.
861 713 927 776 rep.
950 692 982 774 2,
1006 691 1035 774 6,
1062 694 1098 755 11
1129 694 1165 754 14
1193 691 1240 755 ita
1261 691 1387 754 munita

243 816 300 857 arx
329 793 533 858 circumiectu
554 792 652 856 arduo
680 797 710 856 94
733 793 825 878 quasi
848 793 1033 857 circumciso
1056 814 1133 857 saxo
1155 793 1328 873 niteretur,
1352 796 1388 856 ut

244 896 341 960 etiarn
375 896 408 958 in
431 894 487 958 illa
508 898 699 978 tempestate
721 893 871 958 horribili
891 894 1007 959 Galliri
1035 894 1188 958 adventus
1216 893 1385 958 incolumis

210 1034 211 1038 =
243 1002 338 1082 atque
360 998 484 1060 intarta
506 996 728 1080 permanserit.
780 995 934 1080 Htufiger
962 995 1067 1080 hiingt
1092 995 1286 1080 umgehehrt
1314 1017 1385 1058 vom

245 1098 404 1163 Perfert
426 1097 490 1162 ein
511 1097 732 1180 Imperfert
754 1097 809 1160 ab:
832 1096 915 1160 Phil.
942 1098 1026 1178 1Ο,’1
1049 1100 1177 1177 tantum
1198 1101 1308 1161 autem
1330 1097 1385 1160 ab·

245 1203 315 1264 erat
343 1197 469 1263 abello
502 1203 538 1262 ut
560 1199 699 1262 defuerit
726 1199 842 1262 rivium
875 1197 988 1261 'stuffiis
1009 1198 1117 1282 potius
1150 1220 1247 1282 quam
1268 1220 1323 1262 eos
1345 1237 1385 1247 -

245 1301 424 1365 adduceret.
472 1300 538 1363 Liv.
561 1301 612 1381 24,
639 1303 685 1376 16,
714 1302 726 1362 1
755 1320 793 1362 99
816 1298 943 1362 demum
966 1321 1030 1363 vox
1058 1300 1103 1363 ita
1125 1301 1250 1364 animos
1273 1321 1384 1364 arren-

244 1402 292 1466 dit
314 1405 350 1466 ut
375 1439 412 1449 --
434 1405 525 1466 tanta
548 1402 577 1464 vi
606 1423 639 1464 se
667 1403 701 1464 111
724 1401 848 1464 hostem
871 1401 1053 1484 intulerint,
1078 1398 1117 1465 'ut
1145 1401 1300 1465 sustineri
1320 1422 1385 1465 non

246 1506 390 1587 possent.
434 1502 553 1567 Justin.
577 1504 628 1582 37,
654 1505 682 1565 l.
704 1502 756 1579 44,
780 1502 809 1564 2.
854 1501 941 1565 Suet.
965 1501 1035 1566 Tib.
1060 1503 1100 1566 27
1125 1502 1188 1566 und
1212 1503 1364 1567 99111491.

330 1606 360 1668 b.
384 1603 465 1669 Srhr
486 1605 589 1668 selten
610 1604 716 1688 hsngt
743 1602 905 1668 Perfert
933 1624 1008 1668 von
1036 1603 1198 1668 Perfert
1221 1604 1278 1669 ab:
1306 1604 1385 1668 hir.

245 1706 298 1788 40,
325 1706 364 1769 19
396 1704 598 1789 pestilentiae
628 1709 720 1768 tanta
750 1706 796 1769 119
823 1708 900 1783 9194,
931 1709 966 1768 14
992 1710 1119 1769 tantum
1146 1704 1312 1769 hominum
1335 1705 1388 1769 de·

245 1811 405 1871 mortuum
434 1827 503 1870 esse
533 1805 678 1871 eonsules
701 1806 975 1888 renuntiaverint,
1005 1810 1039 1870 ut
1071 1807 1098 1870 is
1126 1828 1279 1871 numerus
1302 1806 1386 1871 efflei

246 1909 384 1972 militnm
414 1929 480 1972 non
508 1908 658 1991 potuerit.
714 1907 793 1971 Dies
821 1907 864 1971 ist
893 1907 969 1971 aber
997 1907 1048 1970 bri
1077 1907 1186 1970 Livius
1221 1909 1386 1986 unrrhhrt,

246 2009 311 2073 und
334 2007 495 2073 vielleieht
520 2009 579 2073 hat
606 2031 641 2072 91
662 2007 887 2093 gesohrieben:
922 2012 953 2072 et
975 2013 1101 2073 tantum
1125 2048 1163 2056 -
1187 2010 1389 2073 renuntiare·

245 2115 330 2175 runt.
379 2109 513 2194 Nepos
542 2111 667 2192 ’1,6,4
700 2111 745 2173 919
775 2110 870 2174 verba
897 2109 989 2189 19914,
1024 2113 1181 2173 11419119
1209 2114 1276 2174 tam
1301 2111 1390 2175 ferus

244 2212 343 2275 fuerit
371 2211 448 2294 quin
471 2211 537 2275 eius
560 2232 668 2276 rasum
690 2212 865 2278 lacrimarit
891 2212 1118 2294 inimicumque
1147 2211 1198 2274 his
1227 2233 1261 2275 99
1283 2215 1390 2276 osteu-

245 2312 328 2377 derit
350 2315 406 2379 ott.
442 2312 505 2397 (15,
522 2312 588 2394 2,2
610 2312 684 2376 11994
705 2336 780 2377 man
798 2315 897 2397 jetrt:
920 2312 1065 2393 dimisit).
1112 2312 1272 2397 Dagegen
1287 2314 1393 2397 regel-

245 2413 352 2478 rerht:
378 2415 427 2495 17,
450 2414 518 2492 2,2
539 2418 575 2477 ut
595 2415 684 2498 priua
710 2452 746 2461 —
771 2415 951 2498 pervenerit
972 2436 1067 2498 quam
1090 2436 1161 2478 eum
1179 2414 1302 2478 seirent
1317 2437 1392 2498 pro·

245 2515 374 2580 fertum.
409 2552 447 2562 -
477 2515 626 2598 Eutrop
650 2517 679 2598 7,
703 2515 743 2580 21
773 2519 809 2580 ut
831 2508 994 2580 convictos
1009 2517 1062 2597 ita
1085 2515 1258 2596 dimiserit,
1288 2520 1328 2580 ut
1353 2554 1389 2563 -

246 2616 402 2681 habuerit.
445 2614 634 2699 11194192,
660 2617 698 2680 14
728 2621 771 2695 ut,
795 2638 866 2681 rum
894 2655 928 2665 -
954 2618 1162 2682 commissum
1185 2619 1238 2694 sit,
1264 2617 1303 2680 de
1326 2619 1390 2682 vir·

244 2718 330 2781 toria
357 2717 540 2781 nuntiatum
568 2717 618 2785 sit.
668 2716 710 2781 So
739 2718 819 2782 aurh
848 2720 899 2801 44,
922 2718 943 2781 2
966 2724 1045 2783 extr.
1090 2717 1268 2803 Capitol.
1293 2719 1390 2784 Gord.

249 2819 287 2881 16
310 2821 360 2901 114,
389 2839 459 2882 rum
483 2817 537 2881 diu
560 2819 737 2901 quaesitum
760 2820 803 2883 sit
826 2841 941 2904 corpus
965 2820 1134 2902 Gordiani,
1156 2806 1223 2885 non
1246 2821 1391 2905 potuerit

246 2919 392 2985 inveniri.
450 2917 650 3003 Umgelrehrt
682 2919 788 3004 h‘angt
820 2920 874 2984 der
903 2920 1162 2986 Consecutivsatz
1191 2923 1294 2987 selbst
1328 2945 1390 2988 von

246 3021 352 3085 911911
368 3019 568 3085 Causalsatze
590 3021 631 3084 ab
653 3021 703 3085 bei
719 3021 856 3086 Trebell.
874 3022 1009 3087 Gallien.
1030 3025 1061 3086 11
1091 3045 1162 3087 rum
1177 3028 1270 3088 tanto
1285 3024 1390 3089 studio

247 3122 440 3187 Graecarum
463 3121 550 3185 docti
572 3123 693 3185 fuerint
715 3123 904 3206 litterarum,
928 3127 965 3187 ut
978 3145 1049 3188 raro
1072 3124 1231 3208 aliquibus
1241 3126 1390 3190 doctissi-
1448 3198 1451 3203 .

246 3224 307 3288 mis
329 3244 518 3309 magnorum
541 3223 673 3287 arbitrio
696 3226 853 3289 cesserint
874 3225 1024 3289 virorum.
1089 3231 1093 3239 ‘

334 3348 362 3389 9.
385 3324 448 3389 Ein
472 3324 538 3388 Mal
560 3325 645 3408 folgt
674 3323 730 3387 der
752 3324 944 3408 Conjuurtiv
968 3326 1022 3390 des
1051 3327 1243 3392 Praesens
1273 3330 1309 3393 in
1335 3329 1391 3394 der

250 3426 540 3510 Repraesentation
555 3425 611 3490 der
626 3426 803 3490 11111199491
818 3426 922 3492 Rede:
944 3427 1063 3492 Justiu.
1090 3431 1137 3512 11,
1160 3431 1181 3493 4
1203 3452 1299 3513 quam
1323 3452 1392 3494 rem

247 3528 293 3591 ita
315 3528 458 3611 graviter
480 3527 563 3606 tulit,
595 3532 630 3590 ut
653 3564 691 3574 -
716 3528 762 3590 ita
783 3528 908 3592 demum
932 3530 1091 3593 remiserit
1123 3534 1160 3593 114
1187 3535 1331 3595 91949199
1361 3536 1394 3612 94

247 3629 361 3710 dures,
389 3649 523 3711 quorum
555 3629 670 3691 fiducia
698 3630 792 3693 toties
815 3630 981 3711 rebellent,
999 3660 1001 3663 ·
1016 3631 1076 3694 sibi
1105 3630 1263 3695 dedantur
1292 3633 1394 3716 („nnr

249 3734 345 3793 unter
368 3728 425 3793 der
446 3728 649 3813 Bodingung,
673 3728 744 3795 dass
766 3731 811 3796 919
833 3731 900 3795 ihm
922 3731 1127 3815 ausgeliefert
1150 3732 1327 3817 witrden“).

335 3828 527 3913 Diejenigen
551 3828 710 3893 89419111
734 3832 905 3916 Oonjunot.
928 3833 1063 3917 perfecti
1092 3855 1154 3897 von
1173 3854 1304 3917 possum
1327 3833 1394 3900 und

248 3930 308 3993 den
330 3930 713 4014 periphrastisohen
737 3932 873 3997 Formen
899 3933 1055 4018 (facturus
1078 3935 1183 4013 199114,
1208 3935 1395 4001 faciendum

248 4032 371 4116 fuerit),
394 4054 458 4096 von
473 4033 573 4097 denen
591 4034 643 4098 ein
660 4033 842 4099 Nebensatz
865 4034 921 4098 der
942 4037 1121 4100 irrealen
1146 4035 1395 4124 Bedingung

250 4133 407 4218 abhttngt,
431 4134 557 4199 werden
579 4136 624 4199 im
639 4135 760 4200 vierten
777 4134 868 4200 Theil
890 4143 983 4200 111491
998 4136 1058 4201 deu
1075 4137 1396 4203 Conditionalsdtnen

252 4235 465 4318 besproohen:
488 4240 518 4318 ξ.
540 4238 612 4315 550,
636 4258 667 4322 g.

334 4336 579 4402 Uebersrhauen
604 4339 661 4401 wir
684 4339 740 4402 das
762 4339 843 4402 oben
868 4340 1081 4424 mitgetheilte
1104 4341 1264 4419 Material,
1288 4364 1326 4406 99
1349 4365 1396 4407 91-

248 4437 340 4522 giebt
372 4436 450 4516 sirh,
480 4439 552 4502 dass
579 4440 634 4503 der
657 4439 848 4523 Conjunrtiv
876 4440 931 4504 des
953 4440 1097 4506 Perfecta
1120 4443 1154 4505 in
1177 4441 1398 4527 Folgesatzen
