2926 5070
722 263 955 326 -228-

263 416 322 502 (sc.
354 414 526 498 explicavit
552 414 628 477 odcr
651 413 801 496 explicat)
830 415 884 498 qui
913 436 951 478 ex
981 436 1146 497 passerum
1172 436 1305 479 numero
1334 417 1410 480 belli

262 517 394 582 Troiani
422 536 522 580 annos
551 520 727 598 auguratus
756 519 814 580 est.
859 515 911 580 off.
941 516 1032 599 3,11
1063 516 1212 580 utilitatis
1241 518 1347 600 specie
1377 519 1409 582 in

261 641 327 703 rep.
351 618 536 701 saepissime
562 621 728 702 peccatur,
757 620 792 682 ut
812 618 847 681 in
870 617 1018 682 Corinthi
1046 617 1280 682 disturbatione
1307 620 1410 683 nostri

262 720 481 806 (peccarunt).
517 717 636 783 Durius
659 720 754 784 etiam
771 720 985 784 Athenienses
1006 723 1062 784 ott.
1100 720 1259 805 Dagegen
1282 707 1409 786 mussan

261 823 313 886 die
340 822 499 905 Tempora
530 821 813 886 dbereinstimmen
847 822 881 885 in
909 821 1031 886 Stellen
1064 823 1124 886 wic
1157 821 1234 889 fam.
1263 823 1293 901 9,
1316 824 1367 903 22,
1394 828 1406 886 l

261 926 369 1007 itaque
397 945 464 988 non
491 923 586 988 modo
615 924 649 987 in
677 922 850 988 comoediis
871 944 922 987 res
944 924 1015 1007 ipsa
1036 927 1200 1003 narratur,
1229 928 1267 987 ut
1294 925 1349 988 ille
1376 927 1409 989 in

261 1025 437 1110 Demiurgo
472 1026 619 1109 (narrat).
667 1026 706 1089 de
737 1026 984 1111 1111311150
1015 1026 1042 1088 si
1075 1027 1156 1090 ratio
1194 1026 1331 1090 alicuius
1364 1029 1408 1090 rei

263 1127 414 1192 reddetur
428 1127 511 1191 falsa
529 1165 564 1175 -
582 1132 638 1191 aut
659 1128 686 1190 si
702 1127 840 1206 infirma,
864 1130 900 1189 ut
915 1126 1048 1190 Plautus
1064 1126 1204 1212 (reddit).
1242 1127 1380 1202 Quinti
1388 1129 1407 1193 l.

260 1232 290 1312 5,
316 1233 364 1312 ll,
387 1229 429 1292 24
456 1250 518 1313 quo
549 1229 736 1312 exprimitur
766 1249 872 1292 rerum
901 1231 957 1319 aut
982 1249 1192 1311 personarum
1220 1230 1347 1315 imago,
1373 1236 1409 1294 ut

262 1333 390 1397 Oassius
413 1330 604 1416 (exprimit).
879 1330 882 1337 “

346 1437 379 1514 0)
401 1433 595 1516 Tempora
617 1431 694 1495 und
721 1431 825 1495 Modi
848 1432 936 1495 sind
952 1431 1234 1496 verschieden:
1264 1432 1331 1498 cie.
1354 1434 1404 1498 off.

261 1537 288 1618 1,
310 1535 330 1599 6
352 1535 436 1619 quod
456 1534 500 1624 ,in
527 1533 622 1597 rebus
650 1532 795 1597 honestis
817 1545 850 1597 et
876 1534 1063 1617 cognitione
1085 1533 1193 1618 dignis
1216 1556 1332 1618 operae
1355 1557 1405 1600 cu·

257 1658 373 1720 raeque
405 1639 557 1720 ponetur,
586 1636 618 1698 id
647 1636 715 1698 iure
737 1634 935 1718 laudabitur,
963 1636 1055 1698 utin
1079 1636 1255 1720 astrologia
1277 1636 1313 1702 C.
1337 1636 1404 1701 Sul-

259 1739 378 1822 picium
402 1736 550 1822 (operam
573 1758 743 1821 curamque
765 1737 925 1822 posuisse)
948 1737 1140 1820 audivimus,
1172 1738 1207 1801 in
1230 1740 1406 1822 geometria

259 1839 331 1905 Sex.
356 1839 544 1922 Pompeium
567 1839 629 1922 ipsi
653 1840 870 1924 cognovimus.
907 1839 937 1916 2,
963 1839 1003 1902 14
1023 1839 1078 1902 sed
1101 1838 1163 1903 hoc
1190 1841 1320 1923 quidem
1341 1862 1405 1904 non

259 1947 308 2006 031
329 1963 423 2024 saepe
451 1940 636 2005 faciendum
663 1961 886 2024 necunquam
912 1940 974 2003 nisi
1002 1943 1058 2004 aut
1083 1941 1161 2024 reip.
1185 1962 1297 2022 causa,
1326 1945 1363 2005 ut
1383 1942 1406 2005 ii

260 2065 341 2128 quos
363 2046 439 2107 ante
461 2043 536 2126 dixi,
559 2045 615 2105 aut
636 2040 820 2124 ulciscendi,
845 2045 882 2104 ut
904 2041 965 2105 duo
987 2040 1112 2106 Luculli
1135 2041 1330 2128 (fecerunt),
1353 2046 1408 2107 aut

258 2145 446 2229 patrocinii,
475 2148 512 2207 ut
538 2165 597 2207 nos
624 2164 682 2227 pro
710 2141 825 2207 Siculis
854 2142 1037 2229 (fecimus),
1064 2165 1122 2228 pro
1151 2143 1262 2208 Sardis
1289 2145 1321 2208 in
1353 2143 1407 2208 Al·

258 2248 351 2311 bucio
384 2246 490 2311 Julius
525 2245 647 2330 (fecit).
697 2246 785 2308 Aber
818 2245 978 2328 gleiche
1011 2245 1171 2331 Tempora
1205 2244 1277 2309 sind
1313 2267 1407 2309 anzu-

258 2349 398 2413 nebmen
426 2348 518 2412 Tusa.
548 2348 641 2428 5,.11
671 2350 703 2409 et
735 2349 785 2410 031
815 2346 849 2409 in
882 2345 989 2430 aliqua
1016 2349 1081 2411 vita
1109 2346 1324 2430 praedicabile
1352 2348 1407 2411 ali·

218 2442 224 2456 *
258 2452 334 2536 quid
363 2456 396 2515 et
427 2449 628 2535 gloriandum
653 2469 690 2511 ac
717 2468 794 2530 prae
822 2470 855 2511 se
889 2447 1070 2531 ferendum,
1103 2451 1140 2511 ut
1166 2448 1408 2533 Epaminondas

259 2557 315 2616 ott.
363 2552 447 2636 (scil.
477 2550 634 2635 gloriatur
663 2571 701 2613 ac
730 2570 807 2632 prae
836 2570 870 2612 se
892 2550 981 2660 fert..)
1023 2548 1098 2634 Vgl.
1126 2551 1209 2614 oben
1237 2551 1350 2637 (unter
1374 2551 1408 2637 b)

259 2655 322 2721 div.
352 2654 379 2735 l,
395 2653 448 2716 33.
711 2685 714 2688 ⁴

602 2916 633 2985 G.
679 2915 841 3006 Tempora
870 2916 941 2986 und
968 2917 1065 2986 llodi.

345 3068 375 3147 §-
402 3066 471 3129 120.
508 3064 553 3128 Es
576 3065 618 3128 ist
640 3064 810 3148 schwierig
824 3065 900 3128 oder
915 3065 1110 3149 wenIgstens
1125 3064 1218 3129 nicht
1231 3065 1408 3148 pralxtisch

261 3168 313 3231 die
340 3166 568 3252 Tempuslelrre
602 3187 665 3230 von
693 3166 748 3230 der
775 3165 979 3231 Moduslehre
1006 3165 1155 3251 ginalich
1183 3189 1222 3230 zu
1252 3171 1407 3253 trennen3

260 3269 353 3334 beide
375 3270 477 3333 sollen
501 3269 584 3352 also,
614 3290 663 3333 wo
685 3290 719 3331 es
747 3268 953 3332 erforderlich
983 3268 1123 3351 sobeint,
1151 3269 1196 3331 im
1220 3267 1408 3354 Fulgenden

261 3372 420 3456 vereinigt
442 3370 579 3435 werden.
620 3370 813 3434 Ausserdem
836 3371 924 3434 kann
947 3391 1022 3434 man
1042 3369 1133 3433 nicht
1156 3369 1207 3434 bei
1230 3370 1289 3434 der
1308 3371 1409 3436 Lebre

260 3496 335 3539 vom
350 3472 521 3559 einfachen
537 3472 629 3537 Satze
645 3472 758 3537 steheu
774 3473 911 3567 bleiben,
933 3471 1072 3535 sondern
1087 3493 1174 3535 mass
1190 3472 1406 3557 gelegentlich

262 3577 313 3640 dic
334 3574 536 3640 Nebens'a’tze
558 3574 787 3657 heranziehen,
816 3574 917 3638 wobei
945 3596 1007 3637 nur
1028 3573 1212 3657 diejenigen
1235 3575 1408 3658 sp'eciellen

261 3676 527 3761 Erscheinungen
555 3676 611 3739 der
638 3676 790 3741 letateren
818 3675 1082 3760 ausgeschlosscn
1110 3675 1252 3756 bleiben,
1289 3676 1408 3740 welche

262 3784 372 3864 sp'ater
393 3779 437 3842 im
459 3780 582 3843 vierten
606 3777 715 3842 ῐ110110
738 3778 907 3842 besonders
929 3777 1103 3842 behandelt
1123 3778 1262 3842 werden.
1288 3777 1408 3842 —Das

261 3881 519 3945 Verhtltniss
547 3880 613 3944 des
641 3879 807 3944 Lateins
836 3902 907 3945 zum
930 3879 1219 3944 Griechischen
1247 3880 1291 3944 ist
1318 3879 1409 3944 nicht

261 4005 297 4046 so
313 3983 503 4068 ungttnstig,
526 3983 585 4045 wie
601 4003 634 4045 03
650 3982 701 4046 101
721 3982 983 4046 oberflbchlicher
999 3981 1221 4066 Batrachtung
1236 3981 1407 4064 ersoheint,

262 4086 347 4149 deun
370 4084 519 4168 obgleich
542 4085 598 4148 der
620 4082 756 4148 Grieohe
779 4069 1026 4148 seinen*Aorist
1046 4085 1112 4148 und
1135 4084 1270 4167 Optativ
1293 4088 1411 4150 sammt

263 4187 324 4251 den
347 4208 382 4250 so
404 4185 615 4269 manniglach
638 4185 856 4270 gebrauchten
874 4184 1040 4249 Partikeln
1064 4186 1123 4250 κέν
1138 4187 1204 4249 und
1227 4183 1274 4250 ἄν
1295 4207 1410 4251 vorans

262 4287 329 4370 hat,
353 4288 467 4351 besitat
482 4287 537 4350 der
552 4286 671 4351 Romer
688 4287 782 4351 daflir
797 4287 848 4351 die
862 4287 1097 4372 reichhultigen
1112 4287 1411 4371 periphrastischen

263 4388 399 4452 Formen
436 4387 490 4451 des
522 4388 692 4453 Futurums
731 4388 796 4452 und
835 4389 886 4452 die
922 4390 979 4454 der
1014 4388 1119 4473 Logik
1155 4389 1414 4473 entsprecbende
