2948 5048
714 301 943 364 -214-

259 452 468 538 Tarquinium
496 453 536 516 ad
559 452 739 517 Romanum
762 453 931 537 imperium
954 450 1174 536 occupandum
1197 453 1334 517 fortuna
1356 454 1408 516 ad·

260 556 346 621 vexit
360 554 510 638 alienum,
533 556 617 636 quod
630 556 788 635 exactum,
804 553 1001 636 alieniorem,
1017 553 1101 637 quod
1115 558 1221 618 ortum
1237 553 1408 632 Corintho,

259 655 503 740 fastidiendum,
531 657 615 738 quod
640 658 815 719 mercatore
836 655 999 739 genitum,
1027 655 1296 738 erubescendum,
1327 658 1410 737 qtrod

260 759 357 844 etiam
379 757 487 822 exsule
508 759 621 821 natum
642 758 735 840 patre
758 755 859 839 (jedes
881 756 948 819 Mal
970 756 1015 821 ist
1037 755 1120 820 nach
1141 757 1228 839 quod
1249 757 1308 820 das
1324 756 1409 821 Verb

261 861 389 928 advexit
411 881 449 922 zu
472 859 652 942 ergtnzen).
697 855 830 932 Quintil.
853 857 884 941 3,
898 858 930 936 5,
947 857 987 920 12
1002 857 1057 921 sed
1080 878 1145 937 non
1162 858 1316 922 omnibus
1331 859 1409 923 cius·

260 961 348 1027 modi
375 958 614 1045 quaestionibus
642 958 688 1022 sic
716 957 841 1022 occumi
867 961 991 1042 potest,
1018 963 1054 1023 ut
1081 958 1161 1022 illis:
1194 960 1283 1023 sitne
1310 959 1410 1023 virtus

261 1063 356 1128 finis?
390 1066 560 1146 regaturne
582 1059 783 1143 providentia
804 1058 964 1123 mundus?
992 1061 1042 1141 (ot
1062 1059 1143 1139 „wie
1158 1081 1230 1123 aum
1247 1059 1408 1142 Beispiel“

264 1165 329 1229 illis
352 1164 399 1228 sic
422 1161 545 1228 occurri
566 1182 631 1226 noc
653 1162 784 1244 potest).
826 1221 828 1225 ,

346 1264 388 1328 ΙΙ.
411 1261 534 1346 Ellipse
556 1263 616 1325 mit
629 1261 830 1346 Erg‘a'nzung
852 1261 1088 1347 ungleicher
1110 1261 1301 1347 Formenr)
1345 1262 1410 1327 Das

264 1363 443 1449 elliptischc
465 1362 558 1427 Glied
586 1362 693 1447 folgt
714 1363 748 1426 in
771 1363 827 1426 der
848 1361 951 1447 Regel
973 1362 1046 1426 dem
1068 1362 1410 1447 correspondirenden,

263 1467 366 1532 seltcn
394 1464 475 1549 geht
501 1485 536 1528 cs
562 1463 629 1527 ihm
658 1463 781 1528 vcrauf.
826 1461 934 1528 Selten
963 1463 1132 1548 geschieht
1153 1486 1188 1528 es
1209 1464 1313 1549 auch,
1342 1467 1412 1530 dass

264 1590 305 1633 an
334 1567 423 1632 einer
449 1564 603 1629 dritten
633 1564 732 1630 Stella
758 1563 896 1629 dieselbe
923 1563 1062 1648 Ellipse,
1089 1565 1149 1630 wie
1177 1588 1220 1632 en
1243 1567 1301 1631 der
1324 1567 1412 1631 awei-

117 1642 119 1645 t
252 1674 338 1751 ton,
365 1665 554 1731 wiederholt
580 1666 676 1748 wird,
704 1665 764 1729 wis
787 1665 853 1731 Cic.
876 1665 915 1730 ad
938 1669 1007 1730 Att.
1032 1667 1067 1749 8,
1092 1670 1146 1750 11,
1169 1669 1191 1732 5
1212 1667 1299 1752 quod
1323 1691 1414 1752 quae

264 1770 328 1853 ris,
358 1767 434 1852 quid
463 1766 640 1859 scripserit:
672 1767 730 1850 (sc.
754 1767 896 1851 scripsit)
919 1767 1001 1851 quod
1023 1788 1116 1852 saepe
1139 1767 1317 1853 (scripsit):
1346 1791 1416 1855 gra·

265 1870 423 1936 tissimum
452 1866 513 1932 sibi
541 1889 625 1951 esse,
654 1868 737 1951 quod
765 1868 908 1952 quierim.
953 1867 1033 1933 Hor.
1062 1872 1121 1933 sat.
1149 1870 1186 1952 2,
1208 1871 1247 1953 6,
1270 1872 1314 1935 53
1337 1893 1416 1935 num

267 1973 343 2057 quid
371 1972 410 2035 de
438 1968 536 2034 Dacis
562 1967 700 2033 audisti?
725 2007 762 2016 -
780 1968 843 2049 vNil
866 1969 1015 2053 equidem
1043 1969 1100 2054 (sc.
1128 1970 1262 2055 audivi).
1308 1970 1356 2036 Ut
1382 1976 1416 2035 tu

266 2094 391 2158 semper
418 2072 479 2136 sris
508 2070 643 2135 derisor!
695 2072 739 2134 At
769 2091 880 2134 omncs
910 2071 942 2134 di
972 2070 1138 2155 exagitent
1164 2080 1235 2150 me,
1269 2073 1299 2136 si
1328 2073 1416 2156 quid·

267 2192 364 2259 quem
384 2172 527 2259 (audivi).
566 2171 844 2255 Erweiterung
864 2170 920 2235 der
940 2171 1064 2256 Ellipse
1085 2195 1127 2236 an
1150 2174 1279 2237 aweiter
1300 2174 1417 2240 Stelle:

268 2275 336 2340 Cic.
359 2297 390 2359 p.
413 2274 523 2339 Plano
546 2272 603 2355 25,
626 2272 668 2338 60
690 2294 748 2338 cur
774 2273 835 2337 ists
856 2273 894 2337 fit
916 2274 1048 2338 consul?
1091 2272 1167 2357 quid
1188 2275 1296 2357 potuit
1320 2277 1419 2362 (fieri)

267 2368 417 2461 amplius,
452 2375 480 2439 si
508 2375 544 2439 L.
573 2373 693 2438 Brutus
720 2377 820 2456 esset,
854 2374 909 2458 qui
936 2374 1099 2440 civitatem
1127 2375 1296 2445 dominatu
1326 2377 1418 2461 regio

267 2476 435 2542 liberavit?
475 2475 614 2540 ‘Honore'
631 2474 712 2539 nihil
734 2475 872 2559 amplius
895 2478 950 2557 (sc.
974 2475 1043 2540 fieri
1065 2476 1196 2562 potuit),
1219 2476 1315 2541 laude
1338 2479 1420 2542 mul·

159 2572 160 2575 ¹
269 2584 411 2644 tum-
437 2576 781 2661 Verschrtnkung
802 2577 916 2641 aweier
939 2575 1183 2642 Verhtltnissee
1199 2577 1284 2643 Phil.
1310 2580 1342 2659 2,
1369 2580 1420 2662 15,

267 2679 310 2744 38
332 2678 387 2743 sed
409 2680 443 2742 et
471 2698 532 2762 ego
560 2676 736 2763 (videbam)
762 2678 838 2761 quid
865 2678 920 2741 ille
949 2678 1125 2763 (sentiret),
1154 2682 1187 2743 et
1214 2683 1333 2744 contra
1354 2681 1421 2762 ille,

269 2779 345 2863 quid
373 2800 433 2863 ego
460 2779 613 2843 sentirem
635 2782 667 2843 et
687 2787 880 2864 spectarem,
910 2778 1048 2845 videbat.
1092 2779 1196 2844 Dafdr
1217 2781 1421 2864 parallelo

270 2879 484 2964 Gliederung:
514 2879 596 2944 Phil.
623 2881 676 2964 12,
699 2882 729 2962 7,
757 2881 792 2946 17
816 2902 877 2965 ego
899 2901 1024 2964 semper
1046 2880 1135 2945 illum
1157 2880 1284 2947 hostem
1309 2884 1422 2967 appel-

270 2982 349 3061 lavi,
379 3002 451 3046 cum
479 2980 534 3045 alii
556 2981 770 3046 adversarium
792 2981 1036 3068 (appellarent),
1065 3004 1190 3066 semper
1211 2983 1272 3048 hoc
1296 2984 1421 3050 bellum

271 3082 474 3167 (appellavi),
511 3103 582 3146 cum
621 3083 677 3146 alii
716 3082 886 3146 tumultum
920 3083 1157 3169 (appellarent).
1215 3087 1269 3148 Au
1302 3085 1422 3151 dritter

270 3184 371 3248 Stelle
403 3183 483 3247 wird
524 3206 580 3247 aur
612 3182 815 3248 Verbslfcrm
849 3184 904 3248 der
937 3188 1043 3248 ersten
1079 3185 1420 3270 zuruckgekehrt:

271 3284 310 3348 de
336 3305 427 3369 prov.
458 3306 545 3350 cons.
571 3286 624 3368 17,
645 3286 685 3349 41
715 3306 795 3368 quae
823 3306 883 3370 ego
910 3285 1018 3350 omnia
1044 3307 1110 3350 non
1138 3287 1269 3371 ingrato
1297 3288 1422 3369 animo,

271 3386 326 3450 sed
349 3386 565 3451 obstinatione
586 3387 724 3470 quadam
746 3386 926 3452 sententiae
947 3387 1120 3470 repudiavi.
1164 3387 1267 3464 Quam
1289 3390 1422 3474 sapien·

270 3490 320 3551 ter
352 3486 613 3573 (repudiaverim)
641 3509 709 3552 non
739 3487 882 3571 disputo,
914 3488 1024 3552 multis
1053 3489 1139 3552 enim
1166 3511 1232 3554 non
1261 3491 1423 3574 probabo,

271 3591 456 3653 constanter
495 3587 622 3672 quidem
660 3592 693 3652 st
731 3590 859 3654 fortiter
897 3592 983 3654 certe
1022 3588 1225 3674 (repudiavi).
1281 3589 1423 3678 Zufolgc

271 3690 360 3754 einer
387 3689 606 3754 Anelroluthie
640 3690 764 3754 kommt
795 3712 828 3755 es
863 3712 932 3769 vor,
966 3690 1038 3755 dass
1065 3713 1128 3755 von
1156 3693 1235 3756 awei
1263 3693 1421 3758 Gliedern

273 3790 438 3874 dasjenige
466 3790 774 3877 unvollstdndig
800 3793 858 3875 ist,
887 3814 942 3856 aus
964 3791 1118 3856 welchem
1139 3793 1199 3857 wir
1220 3794 1272 3858 die
1294 3793 1423 3879 Ellipse

272 3913 311 3955 au
333 3895 492 3977 ergtnzen
515 3892 636 3957 haben:
661 3893 753 3958 Tusc.
769 3895 800 3973 5,
823 3894 874 3974 22,
897 3894 938 3958 63
961 3915 1054 3977 quam
1077 3895 1151 3959 huic
1174 3899 1245 3959 erat
1265 3896 1422 3961 misorum

272 3995 331 4057 ctt.
376 3992 571 4058 Musicorum
599 4015 674 4060 vcro
699 3994 950 4078 perstudiosum,
978 3999 1105 4081 poetam
1133 3997 1232 4061 etiem
1259 3999 1422 4083 tragicum

272 4094 331 4177 (rc.
359 4094 458 4186 spisse
486 4094 680 4181 accepimus)
705 4132 739 4144 —
775 4117 871 4178 quam
899 4097 1017 4161 bonum
1048 4099 1105 4180 (sc.
1134 4097 1232 4163 fuisse
1260 4101 1423 4184 acceperi-

340 4327 366 4397 *)
385 4327 482 4383 Dieser
499 4288 599 4386 sweite
616 4330 698 4385 Theil
716 4331 752 4386 ist
769 4332 814 4387 ein
827 4332 940 4401 Auszug
958 4349 1008 4386 aus
1020 4332 1084 4386 dem
1098 4331 1300 4404 Manuscripte,
1318 4334 1417 4390 desseu

274 4412 442 4483 Benutzung
459 4411 512 4467 mir
533 4414 621 4468 durch
639 4414 685 4470 dis
704 4415 777 4472 cuce
795 4418 845 4472 des
862 4417 932 4476 Hrn.
950 4415 1109 4472 Verfassers
1126 4420 1267 4503 gestattet
1284 4437 1351 4479 war.
