3000 5064
568 316 716 381 -287
761 354 802 362 -

69 466 237 531 tischen
269 465 472 530 Infinitiv
510 465 595 532 nach
628 488 717 551 spero
752 491 782 533 u.
816 471 888 534 iuro
920 490 947 534 s.
984 468 1019 532 in
1051 471 1082 550 ξ.
1114 470 1194 552 438,
1228 471 1259 535 6.

68 568 188 652 440,
209 569 248 648 5,
272 568 302 655 b.

195 668 262 734 Der
290 668 577 736 Klassicismus
605 669 663 735 hat
689 671 775 735 diese
803 671 1051 737 Abnormitdten
1086 672 1179 737 nicht
1207 674 1260 739 be·

78 775 261 857 voruugt,
291 770 374 836 doch
396 771 507 857 seigen
536 771 606 836 sich
628 770 754 856 Spurcn
777 773 895 838 davon:
925 772 990 839 Cic.
1012 796 1045 858 p.
1069 773 1137 838 Mil.
1162 779 1194 856 ξ.
1218 775 1260 839 99

85 895 127 938 ει
150 880 184 938 19
206 873 341 937 divellor
362 873 425 959 (wo
447 873 499 938 die
521 873 699 959 Trennung
720 878 787 939 erst
808 874 1015 960 hevorsteht).
1059 875 1100 940 ad
1118 877 1189 941 Att.
1207 876 1256 956 13,

85 976 151 1039 30
174 974 330 1040 advolonc
353 996 395 1039 an
416 975 552 1040 maneo?
596 975 634 1060 2,
658 977 679 1040 9
700 977 728 1040 si
751 997 875 1041 canon
896 980 1087 1058 servantur,
1111 977 1145 1041 in
1169 977 1257 1042 caelo

91 1098 191 1142 sum.
224 1075 264 1139 ad
296 1075 385 1141 Brut.
411 1080 445 1160 1,
471 1078 510 1142 13
533 1076 594 1142 hoc
616 1078 644 1141 si
665 1098 684 1141 a
705 1081 738 1142 19
761 1077 914 1162 impetro,
942 1117 980 1126 —
1005 1078 1175 1146 dubitabis.
1219 1078 1258 1142 de

2 1221 21 1230 -
95 1200 157 1242 or.
182 1179 219 1260 3,
242 1179 274 1261 5,
299 1180 337 1242 ll
361 1178 525 1262 quidest,
549 1178 672 1260 Crasse,
694 1179 800 1263 inquit
825 1180 942 1263 Julius,
966 1181 1091 1245 imusue
1113 1179 1257 1246 sessum?

98 1281 182 1344 Att.
209 1280 265 1361 10,
288 1281 309 1345 3
331 1282 496 1364 opperior,
520 1280 595 1345 dum
616 1281 679 1345 ista
701 1283 870 1365 cognosco.
913 1281 1008 1347 Nach
1030 1286 1201 1367 antequam
1223 1305 1255 1366 p.

101 1380 193 1448 Mur.
222 1385 291 1447 lu.
315 1382 410 1446 litter.
435 1419 473 1430 -
497 1381 534 1458 Q.
557 1382 702 1448 Cicero
723 1385 789 1465 pet.
814 1404 902 1447 cons.
927 1384 958 1466 9,
981 1384 1022 1448 38
1044 1384 1152 1467 affert,
1174 1385 1258 1448 si·-

106 1487 215 1547 eruut.
243 1520 280 1531 -
311 1483 409 1547 Trola
441 1483 497 1548 des
525 1483 677 1567 Imperat.
705 1484 811 1565 falsat
841 1484 886 1549 im
914 1482 1096 1568 Hauptsatz
1127 1486 1170 1548 ist
1201 1485 1257 1549 das

102 1584 265 1649 Praesens
288 1586 332 1650 im
354 1584 707 1671 Bedingungssctz
729 1607 824 1671 sogor
846 1584 1065 1671 uothweudig,
1088 1606 1184 1650 wenn
1205 1586 1257 1650 die

107 1685 305 1771 Bedingung
338 1686 556 1771 allgemein
584 1686 719 1772 gliltig
746 1687 788 1751 ist
815 1687 881 1751 und
909 1685 1001 1752 nicht
1031 1688 1100 1753 blos
1126 1688 1180 1753 1111
1208 1688 1258 1752 119

112 1787 255 1852 Zuhunft
291 1788 363 1873 gill.
419 1788 462 1852 So
489 1789 581 1853 nicht
609 1788 678 1852 bles
712 1788 744 1852 in
775 1788 836 1853 den
864 1789 948 1853 oben
976 1789 1105 1854 citirten
1135 1788 1256 1854 Stellen

111 1889 165 1954 des
186 1889 339 1971 Plautus,
363 1889 503 1955 sondern
524 1891 664 1974 dherell,
692 1891 753 1954 wie
775 1888 840 1955 Cic.
864 1888 903 1955 de
925 1911 991 1961 sen.
1023 1893 1054 1972 ξ.
1078 1891 1117 1956 81
1147 1912 1255 1976 quare,
1280 1920 1285 1941 ι

113 1992 139 2054 si
160 1991 240 2056 haec
262 1992 308 2055 ita
330 1994 422 2073 sunt,
452 1992 499 2057 sic
520 2013 571 2057 me
594 1993 725 2057 colitote
747 1995 784 2056 ut
805 1989 909 2055 deum.
943 2013 974 2074 p.
998 1989 1138 2056 Caecina
1159 1995 1191 2073 6.
1214 1991 1256 2056 60

112 2093 207 2157 verba
235 2093 263 2156 si
292 2093 416 2175 valent,
447 2094 474 2157 si
498 2114 611 2158 causae
638 2114 703 2157 non
731 2092 868 2174 ratione,
897 2093 952 2157 sed
980 2093 1110 2158 vocibus
1139 2092 1258 2176 ponde-

112 2199 230 2279 rantur,
253 2215 305 2258 me
328 2198 455 2259 auctore
476 2195 584 2260 dicito.
627 2216 693 2279 rep.
717 2188 750 2278 6,
775 2194 823 2274 19,
847 2195 890 2260 20
911 2216 992 2278 quae
1013 2195 1041 2260 si
1062 2195 1123 2258 tibi
1144 2215 1258 2278 parva·
1397 2281 1400 2287 ⁸

114 2300 148 2360 ul
169 2301 228 2380 est,
251 2297 299 2360 ita
320 2295 456 2379 videtur,
479 2296 559 2377 hacc
574 2296 725 2362 caelestia
739 2318 864 2380 semper
878 2300 1031 2381 spectato.
1075 2295 1253 2361 Besonders

113 2400 209 2463 nme
229 2417 342 2465 omas:
364 2398 403 2462 ad
427 2400 495 2463 Au.
518 2398 556 2483 2,
580 2399 638 2482 20,
660 2400 690 2464 5.
712 2400 752 2481 5,
777 2398 832 2480 14,
858 2400 885 2463 1.
927 2398 1004 2463 fam.
1029 2398 1084 2482 16,
1109 2398 1195 2493 ¹72:
1229 2399 1256 2462 si

112 2520 160 2563 me
187 2498 313 2584 diligis,
343 2499 370 2563 si
398 2521 418 2564 a
445 2521 496 2564 me
525 2501 617 2586 diligi
640 2502 704 2581 vis,
733 2500 1027 2584 111111193,9,2.
1071 2499 1112 2563 ad
1134 2499 1194 2576 Qu.
1218 2501 1256 2565 fr.

116 2601 145 2683 l,
168 2604 203 2682 1,
225 2602 278 2665 41.
301 2638 343 2649 -
365 2600 473 2666 ans.
496 2602 527 2666 h.
555 2603 623 2667 o.2
663 2603 702 2667 31
733 2602 808 2686 quid
835 2601 1038 2687 proficimus,
1068 2602 1096 2666 si
1123 2606 1256 2686 accepto

114 2722 228 2788 magno
251 2703 443 2768 detrimento
465 2704 506 2775 ab
529 2705 770 2789 oppugnatione
799 2708 976 2786 castrorum
998 2703 1199 2769 discedimus.
1217 2741 1257 2753 -

115 2800 201 2869 Sall.
237 2804 307 2871 Cat.
330 2805 388 2890 58,
417 2806 437 2869 9
470 2806 497 2869 si
529 2805 687 2870 vincimus
711 2845 747 2856 —
778 2810 881 2872 erunt.
931 2805 1040 2892 Virg.
1074 2806 1131 2872 ecl.
1160 2806 1194 2890 9,
1215 2805 1259 2870 23

113 2904 194 2971 dnm
216 2907 312 2972 redeo
337 2944 375 2955 —
398 2929 504 2992 pasce.
549 2907 625 2992 Vgl.
648 2911 679 2988 ξ.
701 2908 782 2989 507,
804 2908 842 2990 2,
865 2930 893 2973 a.

192 3008 332 3074 Livius
353 3009 385 3092 2,
407 3010 459 3091 45,
485 3010 524 3075 13
541 3009 651 3094 itaque
675 3013 797 3074 certum
820 3013 915 3094 atque
938 3010 1101 3075 decretum
1123 3012 1259 3074 estnon

109 3107 184 3175 dare
206 3110 354 3195 signum,
381 3111 445 3176 nisi
467 3111 605 3177 victores
627 3133 662 3175 sc
684 3112 843 3175 redituros
864 3113 977 3178 iurant
998 3111 1257 3195 (Weissenborm

108 3210 163 3276 das
197 3212 357 3277 Praesens
391 3212 495 3299 urgirt
525 3213 576 3278 die
611 3212 810 3297 Beniehung.
826 3212 884 3276 suf
913 3211 965 3276 die
997 3214 1261 3298 gegeuw'drtigeu

106 3306 360 3398 Verhaltnisse).
403 3316 440 3399 3,
462 3315 521 3398 52,
544 3316 565 3379 6
592 3315 620 3380 si
648 3315 820 3380 decemviri
844 3314 942 3378 finem
969 3315 1165 3398 pertinaciae
1193 3336 1259 3379 non

101 3414 246 3497 faciunt,
276 3437 368 3481 ruere
395 3438 433 3481 ao
460 3415 639 3503 deflagrare
669 3417 778 3482 omnia
799 3416 927 3500 passuri
948 3416 1048 3481 estis?
1098 3417 1136 3498 4,
1158 3415 1217 3498 42,
1239 3417 1259 3480 6

98 3534 164 3583 vos
186 3522 313 3600 autem,
338 3519 366 3582 si
387 3539 477 3582 rcum
498 3538 636 3604 perago,
659 3518 736 3603 quid
758 3518 860 3582 ecturi
882 3516 981 3582 estis?
1004 3518 1033 3595 6,
1058 3518 1108 3600 15,
1130 3517 1150 3581 6
1172 3517 1255 3601 quod

99 3620 170 3684 nisi
193 3620 276 3685 facis
299 3656 338 3667 —
361 3620 396 3684 in
420 3620 526 3685 vinela
547 3626 580 3684 19
607 3620 682 3685 duci
709 3620 836 3685 iubebo.
880 3621 917 3701 6,
939 3620 998 3699 38,
1020 3621 1039 3682 l
1062 3619 1090 3683 si
1112 3618 1149 3684 O.
1171 3617 1254 3683 Lici-

97 3722 181 3787 nius
216 3725 249 3785 et
281 3719 317 3784 L.
351 3721 480 3786 Sextius
513 3722 736 3787 intercessioni
770 3721 966 3808 collegarum
999 3720 1135 3804 cedunt,
1171 3719 1254 3784 nihil

97 3823 278 3908 patricium
314 3824 540 3908 magistratum
574 3824 714 3889 inseram
745 3823 882 3889 concilio
914 3823 1028 3907 plebis.
1081 3822 1118 3903 8,
1153 3823 1188 3906 l,
1223 3824 1253 3886 l.

99 3925 164 4007 21,
188 3926 247 4006 41,
273 3926 313 3990 15
334 3947 394 3991 nec
421 3929 472 3991 est
498 3925 579 3990 elius
607 3926 647 3990 ch
676 3928 766 4010 tergo
796 3926 968 4008 exercitus,
1002 3925 1073 4008 qui,
1106 3922 1169 3987 nisi
1196 3944 1254 3987 nos

102 4026 283 4108 vincimus,
316 4027 399 4092 hosti
433 4028 579 4096 obsistat.
634 4027 690 4110 36,
712 4026 755 4091 28
761 4027 814 4112 ,6
844 4028 953 4110 itaque
986 4027 1020 4090 ni
1045 4045 1179 4109 propere
1206 4023 1253 4108 fit,

105 4129 193 4213 qnod
215 4129 355 4214 impero,
379 4130 493 4195 vinciri
522 4151 578 4194 vos
607 4130 670 4194 iam
699 4129 792 4193 iubeo
821 4127 977 4211 (deutlich
1005 4126 1127 4191 erklsrt
1154 4126 1254 4219 durch

106 4231 162 4295 des
195 4230 378 4316 Fulgende:
418 4231 589 4317 afferrique
627 4235 757 4296 catenas
795 4234 828 4295 et
861 4230 1092 4295 circumsistere
1124 4228 1254 4295 lictores

107 4334 216 4418 iussit,
240 4335 323 4399 doch
338 4334 425 4398 lesen
443 4334 576 4399 audere:
597 4333 740 4415 iubebo).
766 4369 803 4382 -·
826 4331 934 4397 Dahin
950 4332 1064 4418 gehlirt
1077 4330 1162 4396 noch
1182 4332 1254 4398 eine

107 4457 209 4520 ganzo
230 4434 334 4501 Reihe
357 4457 419 4501 von
442 4435 703 4520 Infinitiveu,
727 4435 847 4502 welche
869 4433 1069 4518 emphatisch
1091 4433 1153 4499 den
1175 4433 1254 4500 Ein-
