2948 5048
716 301 946 364 -190..

262 457 352 521 Verr.
374 457 403 539 2,
419 457 461 521 32
483 455 567 538 quod
582 476 720 538 unquam
743 453 923 518 huiusmodi
944 457 1123 518 monstrum
1145 457 1203 517 aut
1225 452 1404 538 prodigium

261 558 438 623 audivimus
465 560 523 621 aut
549 556 702 639 vidimus,
737 555 791 638 qui
825 577 898 620 cum
926 577 981 620 reo
1014 555 1194 640 transigat,
1230 559 1306 638 post
1339 575 1404 618 oum

261 662 445 724 accusatore
468 657 616 723 decidat?
651 680 683 741 p.
701 657 784 721 Sest.
804 658 840 720 17
865 657 927 721 duo
943 657 1128 741 importuna
1148 655 1310 741 prodigia,
1332 677 1406 739 quos

261 764 386 847 egestas
410 761 459 845 (es
486 759 571 844 folgt
598 757 681 823 noch
704 758 770 822 drei
793 758 859 822 Mal
881 762 972 842 quos)
1001 758 1175 823 addixerat.
1221 756 1335 822 Etwas
1357 758 1408 821 ab·

261 862 425 927 weichend
441 861 540 929 Cael.
557 882 608 944 ap.
625 860 693 925 Cic.
709 860 787 924 fam.
806 861 835 944 8,
851 863 882 942 4,
899 861 920 923 2
935 861 970 924 in
985 860 1142 924 evitandis
1157 859 1197 923 iis
1213 860 1268 942 (st.
1285 861 1408 943 eorum)

262 964 421 1047 consiliis,
451 963 506 1046 qui
537 983 571 1026 se
604 962 813 1027 intenderant
846 962 1051 1029 adversariae.
1101 960 1164 1024 Mit
1191 959 1342 1026 Unreeht
1369 962 1410 1024 ist

260 1066 391 1130 letztere
406 1064 504 1130 Stella
526 1064 740 1129 betnstandet
761 1063 907 1146 worden,
929 1064 975 1128 sie
998 1062 1179 1147 cntspricht
1197 1063 1254 1127 der
1269 1062 1408 1127 Relativ·

260 1167 464 1251 verbindung
491 1166 665 1259 mitesce
692 1187 818 1249 pereae,
848 1187 887 1232 ex
914 1187 947 1231 eo
974 1186 1119 1247 omnem,
1147 1165 1271 1230 welche
1294 1168 1326 1245 ξ.
1353 1165 1411 1228 100

261 1291 317 1333 aus
340 1268 451 1334 Cicero
473 1266 646 1351 angelthrt
667 1268 720 1331 ist.

346 1369 454 1435 Caes.
477 1369 507 1432 b.
532 1390 563 1452 g.
589 1373 617 1452 1,
632 1369 721 1448 ecte
742 1369 918 1434 amicitiam
940 1369 1049 1454 populi
1070 1369 1211 1434 Romani
1235 1369 1298 1433 sibi
1319 1390 1409 1433 orna·

261 1475 371 1537 mento
395 1510 433 1519 -
457 1490 525 1534 esse
546 1474 709 1553 oportere,
731 1471 826 1555 idque
848 1492 882 1535 se
905 1492 941 1535 ea
963 1492 1020 1556 spe
1041 1471 1160 1554 petisse
1183 1471 1242 1556 (ist
1264 1466 1323 1535 ἆπ.
1347 1471 1407 1555 alp.

263 1574 319 1638 des
342 1573 458 1639 Caesar
475 1572 546 1665 pud
568 1570 660 1636 nicht
682 1594 721 1635 zu
744 1572 1014 1659 entscbuldigen),

347 1672 439 1738 Sall.
475 1672 544 1737 Cat.
578 1674 598 1736 3
631 1673 780 1763 audacia
797 1674 926 1758 largitio
958 1674 1093 1738 avaritia
1124 1674 1290 1758 vigebant.
1330 1695 1410 1758 quae

182 1808 183 1811 ¹
261 1776 390 1840 tametsi
413 1775 538 1851 animus
560 1775 803 1860 aspernabatur.
848 1776 890 1840 66
912 1776 1036 1839 interea
1058 1775 1189 1840 servitia
1210 1774 1410 1859 repudiabat,

264 1878 353 1942 cuius
382 1876 475 1940 initio
498 1877 538 1940 ad
566 1876 637 1942 euin
666 1898 803 1961 magnae
832 1877 942 1962 copiae
970 1877 1215 1942 concurrebant.
1265 1877 1342 1962 Jug.
1368 1879 1406 1940 41

263 1977 460 2044 abundantia
491 1999 597 2042 earum
620 2000 743 2061 rerum,
772 1998 853 2062 quae
881 1980 986 2063 prima
1014 1979 1165 2043 mortales
1194 1977 1325 2043 ducunt.
1370 1979 1411 2042 95

262 2101 333 2145 cum
362 2100 483 2164 magno
512 2080 655 2163 equitatu
682 2081 717 2144 in
740 2084 844 2145 castra
871 2081 973 2165 venit,
1002 2081 1085 2166 quod
1113 2081 1197 2164 (cod.
1221 2079 1341 2162 Paris,
1368 2080 1409 2144 al.

261 2182 362 2268 quos).
402 2183 464 2246 100
485 2182 639 2264 futurum,
663 2203 745 2267 quae
765 2183 985 2266 imperavisset
1009 2183 1082 2266 (soll
1106 2181 1320 2246 archaistisch
1340 2183 1408 2246 sein

262 2286 342 2346 statt
366 2284 450 2363 sore,
480 2283 562 2347 nach
586 2283 667 2348 Gell.
695 2287 722 2366 l,
748 2285 791 2364 7).
831 2284 928 2368 frgm.
958 2285 990 2364 3,
1013 2285 1064 2364 81,
1090 2284 1129 2348 15
1158 2283 1264 2347 virilia
1290 2283 1348 2347 illa
1368 2321 1411 2332 -

263 2406 325 2468 quo
347 2384 581 2470 („wodurch“).
624 2384 687 2448 Mit
708 2385 765 2449 der
787 2385 1002 2470 Oonjunction
1031 2407 1092 2468 qao
1115 2389 1194 2450 statt
1221 2386 1310 2449 eines
1333 2384 1409 2449 Pro·

262 2507 412 2551 nomene:
439 2486 517 2571 Jug.
541 2487 582 2551 66
605 2485 786 2571 Vagenses,
815 2508 878 2572 quo
900 2486 1049 2551 Metellus
1070 2481 1111 2536 -’-
1135 2487 1331 2571 praesidium
1354 2487 1409 2551 im·

262 2592 420 2670 posuerat.
467 2589 527 2653 103
548 2588 679 2669 turrim,
702 2610 764 2672 quo
785 2589 980 2672 praesidium
1002 2585 1206 2672 imposuerat.
1254 2589 1316 2652 104
1338 2610 1410 2654 con·

263 2689 350 2753 fecto
372 2690 518 2775 negotio,
541 2711 604 2773 quo
626 2690 819 2756 intenderat.

349 2790 448 2854 Ovid
471 2793 546 2854 met.
577 2792 605 2873 7,
628 2791 691 2856 656
712 2813 844 2875 parcum
867 2814 968 2877 genus
992 2788 1041 2856 est
1064 2821 1102 2839 —
1126 2793 1235 2878 etqui
1264 2794 1410 2877 quaesita

263 2894 435 2955 reservent.
481 2891 592 2975 Prop.
624 2893 655 2975 3,
680 2895 729 2971 13,
752 2896 793 2959 26
827 2897 940 2978 pacata
972 2895 1138 2975 iuventus,
1172 2895 1303 2959 divitiae
1336 2917 1410 2980 quo

265 3014 334 3056 rum
358 2992 470 3056 messis
493 2996 525 3056 et
546 2993 640 3057 arbor
662 2999 763 3059 erant.
1083 2988 1090 2993 ¹

347 3093 427 3159 Irin.
461 3094 513 3175 23,
536 3095 588 3177 43,
615 3097 651 3158 ll
691 3118 773 3181 quae
806 3098 834 3161 si
867 3098 958 3181 paria
989 3101 1097 3162 essent
1129 3099 1200 3179 (aul
1230 3104 1313 3164 eires
1347 3099 1410 3164 und

263 3199 414 3263 maiestas
435 3196 602 3281 beregen).
639 3197 690 3280 32,
706 3198 748 3262 28
771 3197 894 3262 delectu
916 3198 1073 3283 rebusque
1095 3199 1166 3263 aliis
1192 3238 1229 3248 ·-
1252 3222 1334 3284 quae
1354 3223 1411 3285 per

263 3299 351 3386 ipsos
373 3296 498 3382 agenda
520 3304 621 3382 erant,
643 3299 804 3381 perfectis.
840 3301 893 3382 42,
911 3300 931 3364 8
953 3301 1101 3384 bonaque
1124 3305 1160 3364 ut
1180 3302 1230 3382 iis,
1255 3302 1410 3386 quidquid

265 3400 332 3463 eius
360 3399 539 3482 recuperari
567 3401 684 3483 possit,
712 3401 895 3465 reddantur.
932 3403 985 3485 44,
1012 3406 1025 3465 1
1050 3403 1158 3467 favere
1187 3404 1302 3487 pietati
1325 3405 1410 3468 fidei·

264 3522 324 3584 que
347 3501 431 3584 deos,
453 3521 511 3583 per
533 3521 612 3584 quae
636 3522 710 3587 pop.
726 3500 764 3566 R.
788 3502 829 3581 ad
851 3506 976 3566 tentum
998 3503 1124 3586 fastigii
1146 3505 1279 3568 venerit.
1314 3505 1410 3569 Ibid:

265 3623 337 3665 cum
358 3602 498 3686 quinque
513 3602 652 3683 milibus,
676 3603 760 3686 quod
783 3605 816 3666 in
836 3603 1092 3688 supplementum
1116 3605 1281 3689 legionum
1303 3626 1410 3670 seeum

265 3703 456 3767 traiecturus
479 3707 557 3767 erat.
595 3704 704 3782 44,10
725 3706 879 3787 pecuniae
901 3708 1035 3789 partem,
1058 3706 1141 3789 quod
1156 3706 1263 3771 fuerat
1284 3711 1411 3772 nactus.

264 3840 306 3850 -
329 3803 425 3869 Vell.
448 3804 479 3884 2,
494 3805 537 3868 49
558 3808 667 3888 partes
690 3843 731 3852 -
753 3810 786 3870 et
808 3806 864 3871 illa
885 3806 1025 3891 gloriosa
1047 3807 1181 3873 ethaeo
1203 3809 1409 3874 terribiliora.

264 3903 353 3969 Tac.
377 3903 452 3969 hist.
476 3907 505 3985 3,
522 3906 564 3970 80
585 3906 696 3990 raptis,
719 3908 804 3990 quod
820 3909 932 3991 cuique
948 3908 1084 3991 obviam,
1108 3909 1191 3974 telis.
1232 3932 1308 3975 ann.
1325 3912 1355 3994 3,
1371 3910 1411 3975 63

264 4007 452 4090 legationes,
475 4029 609 4092 quorum
632 4009 724 4092 copia
746 4009 821 4073 fessi
844 4013 951 4092 patres
973 4014 1031 4074 ctt.
1058 4048 1095 4058 -
1119 4012 1231 4095 Apul.
1255 4013 1325 4077 fior.
1350 4013 1410 4092 l,6

265 4128 379 4191 genus,
403 4109 456 4192 qui
482 4146 517 4155 —
541 4131 667 4175 novere.
710 4112 855 4176 Auson.
878 4115 963 4195 grat.
987 4116 1047 4176 act.
1071 4116 1156 4194 extr.
1175 4114 1298 4193 sellam,
1323 4136 1411 4199 prae·

267 4211 403 4291 textam,
425 4209 582 4290 trabeam,
607 4232 687 4295 quae
710 4212 900 4277 honestavit.

351 4309 410 4373 Die
426 4309 629 4377 constructio
652 4314 842 4378 adsensum
865 4314 944 4399 geht
960 4314 1036 4383 aber
1050 4317 1134 4379 noch
1159 4317 1282 4403 weiter,
1305 4320 1411 4384 indem

267 4410 349 4473 auch
377 4411 593 4476 indefinite
622 4412 817 4480 Pronomina
843 4416 909 4481 und
938 4415 1038 4480 selbst
1066 4417 1410 4500 Adjectivformen
