2948 5048
708 287 939 349 -174-

256 460 330 523 mag
367 439 419 503 ein
443 436 558 503 Fehler
591 438 732 502 stechen.
794 437 870 523 Vgl.
906 437 957 501 die
985 437 1194 522 Bemerlrung
1221 436 1255 500 in
1288 437 1459 501 memet-1

179 583 180 586 κ
254 540 416 624 Ansgabe.
442 577 479 587 -
503 539 637 624 Nepos
664 541 712 622 13,
737 540 767 620 2,
793 543 805 603 1
833 561 958 617 eorum,
981 538 1149 623 bezbglich
1172 539 1231 602 auf
1251 537 1459 622 Pelopon—

252 662 374 705 nesum.
414 680 445 687 -
483 640 582 705 Flor.
605 643 635 720 4,
662 642 712 717 12,
734 642 777 706 50
809 662 904 724 seque
935 662 1008 724 pars
1038 640 1141 703 maior
1170 662 1189 703 a
1219 640 1459 723 captivitates

253 779 293 790 -
318 742 571 807 vindicaverunt.
619 742 783 808 Incorrect
805 744 847 808 ist
868 743 898 826 3,
920 743 951 822 3,
981 742 1016 805 18
1039 741 1270 826 Tigurinorum
1294 763 1459 805 manuffi

261 882 293 891 -
328 845 362 908 in
386 844 510 908 diversa
531 844 628 927 lapsi,
661 844 739 929 fuga
765 843 900 929 ignobili
929 846 963 907 61
989 842 1180 910 latrociniis¹
1196 843 1339 908 evanuit.
1374 881 1408 892 -
1429 881 1459 891 -

254 945 358 1010 J'ust.
392 945 487 1029 28,3
521 949 556 1009 nt
583 949 717 1029 uterque
739 946 958 1010 restituantur
1013 944 1110 1026 41,6
1138 945 1252 1031 magni
1276 949 1459 1029 uterquess=

254 1047 323 1112 viri.
358 1084 398 1094 —
433 1046 530 1111 Gall.
557 1050 584 1126 1,
609 1047 638 1126 9,
665 1049 704 1111 12
741 1047 826 1132 qaod
854 1047 991 1132 quisque
1018 1045 1159 1110 familiae
1187 1049 1459 1132 pecuniaeque-<

252 1147 424 1212 habebant.
456 1151 525 1226 ·11,
553 1150 601 1227 18,
630 1150 668 1214 16
696 1149 783 1233 apud
810 1153 932 1214 veteres
959 1149 1155 1233 Aegyptios,
1187 1148 1274 1233 quod
1309 1170 1459 1232 penas=

255 1248 420 1312 hominum
444 1253 572 1314 constat
600 1254 632 1315 et
659 1252 691 1315 in
715 1251 838 1315 artibus
860 1250 1057 1333 reperiendis
1086 1250 1231 1314 sollertes
1254 1251 1356 1316 fuisso
1379 1256 1459 1315 etz

255 1389 292 1398 —
317 1369 455 1434 sagaces.
481 1390 518 1400 -
542 1353 683 1437 Apulej
692 1375 735 1416 us
758 1357 840 1418 setzt
861 1351 946 1417 bfter
969 1354 1100 1434 quisquc
1114 1352 1175 1416 mit
1193 1353 1268 1418 dem
1283 1353 1449 1437 Plural,

253 1472 362 1536 sogar:
398 1457 613 1536 unusquisque
645 1493 687 1503 —
721 1455 850 1519 territus
883 1492 924 1502 -
958 1458 1153 1519 concurrunt
1188 1458 1265 1520 met.
1294 1456 1328 1536 4,
1360 1457 1427 1520 10-

254 1553 448 1618 Ausserdem
469 1555 499 1634 2,
514 1557 557 1620 29
580 1557 714 1641 populus
737 1561 875 1636 aestuat,
898 1556 1023 1620 diversa
1043 1556 1221 1622 tendentes.
1245 1558 1434 1641 42quos=

254 1692 295 1702 -
322 1654 436 1741 vulgus
465 1657 628 1721 indoctum
655 1679 743 1722 rosas
772 1657 897 1721 laureas
920 1657 1095 1742 appellant.
1151 1657 1219 1723 flor.
1245 1662 1262 1721 1
1288 1681 1338 1723 nr.
1364 1659 1407 1722 22

252 1757 415 1822 servitium
439 1757 506 1823 eius
529 1758 645 1824 hilares
667 1763 744 1823 sunt
765 1763 860 1843 atquc
883 1759 1063 1842 epulantur.
1081 1798 1119 1808 -
1136 1759 1271 1824 Tertull.
1289 1782 1417 1826 resurr.

257 1857 299 1920 44
322 1859 465 1922 membra
488 1861 675 1927 alterutram
696 1882 815 1925 sumus.
865 1860 957 1925 Laet'
978 1861 1026 1925 ira
1047 1861 1107 1925 Dei
1133 1862 1181 1945 13,
1209 1863 1247 1924 14
1270 1862 1417 1926 invicem

254 1958 316 2022 sibi
349 1959 536 2026 alterutrum
564 1985 686 2029 conexa
715 1965 799 2026 sunt.
862 1961 903 2027 So
934 1961 986 2026 bei
1015 1961 1156 2047 Cyprian
1190 1962 1257 2027 und
1288 1964 1324 2027 in
1354 1963 1421 2028 der·

253 2059 413 2144 Vulgata3
447 2065 539 2129 mehr
572 2065 662 2149 giebt
696 2063 852 2128 Muncker
886 2063 927 2128 ad
960 2062 1110 2147 Fulgent.
1145 2068 1158 2127 l
1189 2087 1221 2148 p.
1251 2066 1282 2128 8.
1312 2065 1343 2129 9.
1369 2103 1411 2112 -

255 2170 390 2255 Capitol.
416 2168 489 2233 Ver.
513 2167 533 2229 4
556 2164 813 2229 ministrantibus
837 2165 898 2229 sibi
920 2165 1006 2228 omni
1029 2187 1147 2250 genere
1170 2166 1313 2250 turpium
1337 2188 1412 2249 per·

255 2294 416 2350 sonarum,
441 2289 507 2332 was
531 2265 662 2346 anffiillt,
686 2267 756 2330 weil
773 2266 844 2330 hier
866 2266 922 2340 der
936 2265 1047 2329 Plural
1062 2287 1167 2351 gagen
1182 2266 1235 2331 die
1248 2267 1407 2332 (161161111-

254 2374 322 2437 hcit
344 2369 531 2456 vorangeht.
575 2368 621 2433 Id.
646 2369 723 2432 Ant.
748 2366 807 2432 Ph.
831 2369 848 2431 7
873 2367 1041 2432 laudavere
1064 2373 1205 2452 uterque.

340 2479 368 2556 §-
395 2474 464 2537 101.
511 2470 618 2534 Wenn
653 2470 747 2533 11161
776 2468 960 2552 Subjectc
994 2469 1179 2533 desselbe
1213 2470 1405 2535 Priidicat

254 2576 371 2654 haben,
393 2574 462 2639 ihre
484 2570 674 2654 Tharigkeit
702 2571 778 2635 aber
805 2570 917 2635 nicht
944 2573 1199 2655 gemeinsam,
1224 2572 1403 2636 sondern

255 2679 452 2761 getrcnnt
475 2695 513 2736 zu
528 2671 652 2736 denken
668 2674 720 2751 ist,
744 2694 779 2737 so
802 2672 888 2737 steht
909 2694 991 2736 zwar
1011 2672 1054 2735 im
1076 2671 1276 2737 hlassischen
1292 2673 1402 2738 Latcin

254 2780 475 2860 naturgcmass
504 2773 559 2837 der
581 2772 732 2857 Singular
760 2774 815 2837 des
838 2773 1039 2856 Priidicates,
1070 2773 1209 2837 Livius
1232 2776 1312 2840 aber
1333 2779 1403 2860 sagt

256 2878 357 2942 sehon
382 2880 410 2958 1,
434 2877 454 2939 6
478 2874 634 2940 Palatium
655 2874 823 2957 Romulus,
847 2875 965 2939 Remus
988 2875 1185 2940 Aventinum
1209 2875 1250 2941 ad
1273 2879 1402 2962 inaugu-

255 2978 390 3042 randum
412 2976 532 3060 templa
554 2979 692 3058 61111111111.
719 2977 767 3055 10,
783 2977 823 3040 21
847 2977 993 3042 consules
1017 2976 1129 3042 Fulvio
1152 2981 1188 3041 ut
1212 2999 1251 3042 ex
1268 2977 1402 3059 Falisco,

255 3080 421 3146 Postumio
448 3083 484 3143 ut
513 3100 549 3142 ex
580 3077 738 3142 Vaticano
765 3078 938 3142 exercitum
967 3117 1007 3126 —
1036 3081 1239 3159 admoueant,
1264 3119 1305 3127 -·
1330 3083 1402 3144 scri·

254 3182 344 3246 bunt.
389 3181 555 3245 Tacitus
578 3182 659 3243 setzt
680 3179 714 3243 in
737 3178 856 3243 diesem
872 3178 961 3244 Falla
985 3180 1142 3245 durchaus
1164 3180 1226 3244 den
1251 3180 1404 3246 Plural:

256 3284 329 3349 dial.
354 3284 395 3347 42
411 3304 470 3368 ego
493 3287 525 3346 te
548 3281 661 3365 poetis,
685 3279 822 3344 Messala
837 3282 1026 3366 antiquariis
1051 3283 1305 3347 criminabimur.
1329 3285 1402 3349 hist.

250 3386 285 3466 2,
307 3386 349 3450 30
371 3385 510 3450 Caecina
537 3387 573 3446 ut
593 3381 721 3445 foedum
751 3404 788 3446 nc
810 3383 1020 3463 maculosum,
1049 3384 1104 3448 ille
1127 3388 1162 3449 nt
1184 3384 1346 3450 tumidum
1369 3409 1404 3450 ac

256 3510 371 3553 vanum
394 3484 582 3571 irridebant.
634 3505 709 3547 ann.
739 3484 768 3566 3,
791 3484 834 3547 62
861 3484 914 3550 1116
937 3485 1115 3565 Antiocho,
1138 3485 1191 3550 hic
1214 3486 1405 3552 Mithridate

256 3591 366 3674 pulsis.
414 3588 462 3669 12,
484 3587 525 3649 41
549 3585 758 3650 Britannicus
779 3586 813 3649 in
836 3590 1017 3669 praetexta,
1050 3586 1136 3652 Nero
1159 3589 1404 3674 triumphalium

238 3693 342 3755 ‘veste
365 3688 500 3753 travecti
523 3691 608 3752 sunt.
659 3687 757 3752 lbid.:
786 3688 873 3751 obvii
900 3688 985 3753 inter
1012 3711 1046 3754 se
1068 3689 1155 3754 Nero
1178 3689 1405 3757 Britannicum

257 3792 403 3872 nominc,
437 3789 491 3853 illc
515 3788 694 3852 Domitium
716 3788 894 3853 salutavere
928 3791 980 3874 (au
1012 3790 1215 3875 vergleichen
1246 3793 1308 3856 mit
1335 3792 1405 3859 dem

257 3893 354 3963 nach,
370 3892 473 3956 cinam
503 3889 739 3973 Pluralsubjcct
766 3890 1044 3974 eingeschobenen
1073 3893 1228 3979 1111111116).
1283 3916 1333 3979 cp.
1365 3896 1406 3959 45

256 3993 494 4058 multitudinem
521 3992 662 4057 hostium
685 3989 803 4072 Pollio,
832 3992 917 4055 iussa
938 3992 1039 4075 patris
1061 3991 1270 4059 Radamistus
1294 3997 1406 4061 obten-

257 4095 385 4159 debant.
434 4096 484 4173 14,
506 4095 545 4157 31
569 4098 605 4158 ut
626 4115 761 4178 regnum
777 4095 1063 4177 percontationes,
1087 4093 1200 4159 domus
1222 4119 1282 4180 per
1297 4119 1406 4163 servos

256 4197 343 4261 velut
366 4198 463 4278 capta
486 4198 700 4258 vastarentur.
724 4194 830 4277 61153
852 4216 985 4277 quorum
1008 4195 1090 4259 alter
1111 4197 1268 4261 bellorum
1293 4200 1407 4278 socius,

257 4296 338 4360 alter
360 4295 480 4359 Romae
504 4333 543 4342 -
573 4297 712 4378 praemia
734 4300 933 4378 acceperant.
987 4299 1034 4373 15,
1058 4298 1076 4361 'l
1099 4320 1234 4381 quarum
1259 4307 1406 4384 quartam

256 4395 475 4485 Funisulanus
505 4434 539 4442 -
573 4395 799 4460 duodecumam
824 4395 974 4463 Calavius
996 4399 1160 4482 regebant.
1210 4402 1253 4466 50
1282 4403 1335 4468 hic
1358 4425 1407 4467 oc·
