2948 5048
669 299 901 362 -182-

216 458 246 536 ξ.
271 454 333 518 377
358 451 507 516 enfithrt:
531 452 594 520 Cic.
619 452 704 536 legg.
729 454 757 530 1,
778 452 792 514 1,
818 449 907 516 lucus
930 450 985 515 ille
1007 455 1041 517 et
1062 451 1142 516 haec
1158 452 1372 536 Arpinatium

216 575 351 639 quercus
373 553 575 638 agnoscitur,
609 574 705 637 saepe
732 576 752 617 a
773 574 824 617 me
852 552 952 618 lectus
980 553 1014 617 in
1037 553 1141 617 Mario
1170 553 1234 633 (als
1266 553 1309 617 ob
1332 554 1374 617 da

215 655 344 720 atinde:
367 655 458 719 lucus
481 676 552 720 cum
575 657 717 741 quercu).
762 654 901 719 Plancus
933 677 984 738 ap.
1008 654 1074 721 Cic.
1096 655 1174 720 fam.
1201 656 1250 736 10,
1274 656 1329 737 24,
1355 658 1370 720 1

215 778 303 822 amor
325 759 400 821 tuus
428 779 466 821 ac
488 756 641 820 iudicium
664 756 703 821 de
726 777 777 820 me
809 793 843 804 —
870 755 1101 821 sit'allaturus.
1154 757 1246 821 Eheu
1271 778 1309 820 so
1336 758 1372 821 in

215 861 271 923 der
293 879 356 923 von
379 857 497 942 Zumpt
523 857 615 923 nicht
641 857 827 925 erwahnten
851 856 965 923 Stelle:
993 857 1103 922 Plano.
1127 859 1171 923 ib.
1196 880 1247 942 ep.
1272 859 1328 940 21,
1351 860 1373 924 5

215 965 342 1027 mortuo
364 981 431 1024 non
448 960 541 1047 ruodo
562 959 718 1024 honorem
741 958 795 1023 sed
816 959 1070 1049 misericordiam
1093 981 1218 1045 quoque
1241 959 1372 1024 defutu-

216 1085 286 1126 rum
310 1061 435 1146 (Baiter
457 1084 487 1125 u.
512 1061 661 1145 Kayser).
712 1083 743 1144 p.
767 1059 847 1125 Sest.
870 1062 912 1125 53
943 1060 1004 1125 sibi
1026 1061 1117 1125 illum
1142 1062 1205 1127 Gn.
1230 1060 1373 1126 Domitii

216 1164 357 1228 animum
382 1166 583 1227 constantem
607 1166 640 1227 et
654 1162 819 1247 egregium
836 1161 921 1237 etQ.
937 1161 1094 1227 Ancharii
1109 1164 1205 1228 fidem
1222 1184 1262 1226 ao
1277 1163 1373 1228 forti-

217 1265 364 1344 tudinem
388 1302 425 1312 -
450 1266 577 1349 gratum
599 1263 709 1329 fuisse.
760 1263 846 1328 Suet.
872 1263 965 1328 Caes.
989 1265 1030 1329 75
1057 1264 1199 1329 detectas
1222 1255 1375 1330 coniura-

216 1367 321 1432 tiones
336 1370 573 1449 conventueque
589 1369 763 1430 nocturnos
777 1387 845 1429 non
862 1365 947 1429 ultra
969 1365 1076 1450 arguit
1097 1388 1194 1450 quam
1210 1369 1248 1429 ut
1264 1366 1374 1430 edicto

218 1467 401 1534 ostenderet
422 1489 490 1532 esse
513 1466 574 1531 sibi
596 1471 691 1531 notas
716 1466 840 1553 (Roth).
892 1467 1160 1543 Aehnlichn'are
1183 1468 1237 1531 die
1258 1467 1375 1531 Bezie·

216 1571 307 1654 hung
336 1570 391 1633 des
418 1568 563 1633 Relatirs
592 1568 627 1632 in
656 1568 723 1639 der,
744 1567 973 1653 vcrd'achtigen
996 1568 1094 1633 Stella
1123 1569 1175 1633 bei
1199 1568 1269 1633 Cic.
1293 1568 1375 1633 fam.

217 1674 249 1754 5,
272 1671 323 1748 21,
347 1672 368 1734 5
395 1674 523 1754 praeter
552 1670 678 1754 culpam
700 1692 736 1734 ac
765 1673 946 1754 peccatum,
980 1693 1044 1754 qua
1071 1691 1199 1755 semper
1226 1673 1375 1754 caruisti,

217 1772 295 1837 aber
328 1771 388 1836 die·
411 1774 565 1835 neuesten
597 1770 824 1855 Herausgeber
857 1771 962 1836 haben
996 1794 1034 1838 ac
1062 1778 1228 1855 peceatum
1263 1771 1375 1858 einge

219 1875 401 1941 klammert.
433 1910 470 1920 -—
502 1873 631 1937 Andere
653 1871 775 1937 Stellen
799 1872 854 1937 der
876 1875 948 1956 Art,
982 1874 1183 1938 namentlich
1212 1876 1266 1941 hei
1290 1876 1374 1961 Spa·

217 1980 323 2059 teren,
359 1974 430 2039 sind
464 1973 556 2038 nicht
590 1973 845 2059 nachgewieaen.
906 1974 965 2039 Bei
1000 1975 1120 2041 Caesar
1153 1976 1219 2040 und
1248 1977 1377 2043 Sallust

220 2078 331 2143 iehlen
352 2076 409 2144 sie.

309 2186 340 2263 ξ.
366 2177 437 2242 109.
481 2176 628 2241 Mehrere
655 2176 813 2242 abstracte
836 2176 1002 2260 Subjecte,
1026 2179 1268 2245 weiblichen
1301 2181 1376 2246 Ge-

218 2280 441 2362 schlechts,
465 2279 567 2343 seiten
589 2278 773 2344 miinnliche
789 2278 958 2363 Concreto,
980 2280 1112 2345 k’onnen
1134 2281 1192 2345 das
1216 2283 1377 2348 predicat
1418 2337 1423 2343 .

218 2384 263 2447 im
285 2383 478 2448 Neutrum
498 2380 613 2445 haben.
636 2418 678 2429 -
699 2379 765 2444 Fur
792 2380 842 2445 die
870 2382 1100 2448 archaistische
1121 2382 1195 2448 Zeit
1222 2385 1318 2469 giebt
1340 2407 1376 2449 es

219 2470 314 2549 keine
337 2481 472 2566 Beldge,
502 2480 690 2546 danucia.
715 2482 830 2546 defin.
853 2484 884 2565 3,
909 2485 946 2546 11
976 2483 1115 2548 stultitia
1143 2488 1175 2550 et
1205 2487 1377 2551 temeritas

221 2589 254 2650 et
279 2585 437 2650 iniustitia
466 2587 499 2648 et
530 2583 780 2667 intemperantia
808 2588 884 2648 sunt
922 2584 1088 2669 fugienda.
1151 2584 1200 2649 Im
1230 2586 1377 2652 Relatis·

220 2690 324 2750 setae:
353 2708 385 2752 n.
410 2684 440 2752 d.
463 2686 491 2752 3.
514 2684 556 2748 24
584 2684 750 2748 fortunam
773 2706 868 2751 nemo
896 2685 935 2749 ab
964 2686 1185 2751 inconstantia
1213 2691 1247 2752 et
1275 2692 1376 2754 teme-

221 2789 317 2852 ritate
339 2786 497 2870 seiunget
520 2808 602 2871 quae
625 2785 724 2871 digua
747 2790 832 2851 certe
854 2807 921 2850 non
944 2791 1021 2851 sunt
1042 2786 1112 2852 deo.
1136 2827 1173 2837 -
1200 2789 1299 2854 Fehlt
1321 2790 1376 2855 bei

220 2888 384 2954 Caesar.
407 2924 448 2934 -
469 2886 543 2952 Von
565 2887 606 2952 da
627 2889 670 2953 ab
692 2887 853 2986 lpaufiger:
877 2888 1029 2953 Sallust
1051 2888 1123 2954 Cat.
1146 2890 1189 2954 20
1211 2893 1247 2956 ni
1270 2897 1392 2958 virtus

220 2989 360 3073 fidesque
395 2992 503 3053 vostra
535 2992 681 3072 spectata
712 2988 792 3054 mihi
826 2990 945 3055 forent.
995 2989 1073 3075 Jug.
1101 2992 1143 3056 38
1177 3014 1243 3056 nox
1276 2997 1388 3077 atque·

219 3091 338 3176 praeda
364 3128 405 3139 -
433 3094 595 3154 remorata
623 3094 708 3154 sunt.
757 3091 800 3156 52
830 3091 999 3175 plerosque
1033 3092 1185 3157 velocitas
1215 3097 1249 3157 et
1281 3095 1375 3180 regio

219 3192 364 3258 hortibus
390 3193 504 3276 ignara
531 3195 637 3256 tutata
668 3195 753 3255 sunt.
801 3192 842 3256 68
876 3193 925 3257 ira
952 3197 985 3256 et
1012 3193 1181 3278 aegritudo
1209 3195 1375 3279 permixta

219 3298 303 3363 sunt.
346 3293 414 3358 Liv.
443 3294 494 3376 37,
515 3294 558 3358 32
590 3294 638 3357 ira
666 3297 699 3356 et
725 3294 859 3358 avaritia
888 3294 1021 3377 imperio
1043 3295 1229 3378 potentiora
1262 3301 1376 3361 erant.

223 3435 257 3445 -
288 3395 373 3460 Tac.
403 3396 434 3459 h.
463 3395 494 3473 2,
515 3394 558 3459 20
585 3416 647 3479 pax
676 3398 709 3458 et
735 3395 904 3460 concordia
934 3396 1117 3460 -iactata
1144 3392 1250 3462 sunt„
1277 3399 1309 3477 3,
1333 3400 1378 3462 70

220 3519 331 3582 pacem
353 3499 386 3561 et
407 3496 609 3561 concordiem
632 3495 725 3560 victis
747 3496 854 3574 utilia,
877 3496 1052 3561 victoribus
1080 3500 1209 3562 tantum
1238 3498 1378 3583 pulchra

219 3620 297 3664 esee.
352 3598 471 3663 Justin.
503 3598 571 3677 1,7
599 3596 717 3663 Croeso
750 3600 782 3660 et
810 3597 875 3661 vita
904 3600 937 3661 et
967 3599 1155 3682 patrimonii
1188 3604 1300 3682 partes
1342 3607 1379 3666 et

220 3701 295 3766 urbs
317 3700 417 3764 Barce
440 3719 591 3763 concessa
611 3701 694 3766 aunt.
746 3698 853 3762 Aurel.
877 3697 963 3764 Vict.
987 3721 1086 3764 caess.
1110 3702 1200 3779 34,6
1223 3702 1312 3767 salus
1336 3725 1377 3767 ao

221 3840 258 3850 -
286 3800 438 3866 memoria
465 3802 589 3864 cariora
615 3802 699 3864 aunt.
748 3799 838 3863 huet.
861 3800 891 3878 3,
914 3801 965 3879 30,
988 3800 1024 3888 9,
1052 3802 1084 3884 4,
1107 3802 1137 3880 2,
1160 3802 1191 3868 6.
1228 3805 1260 3882 4,
1285 3805 1316 3887 3,
1340 3805 1372 3869 6.

90 3911 95 3917 ’
221 3902 453 3982 mMSS

305 4003 369 4067 Fur
405 4002 543 4067 dissolbe
582 4001 809 4067 Construction
850 4001 920 4066 bei'
941 4007 1164 4070 concreten
1197 4005 1379 4091 Subjecten

220 4104 479 4169 minnlichen
502 4103 729 4169 Geschlechtes
758 4103 835 4190 (von
856 4103 987 4188 Kriiger
1014 4105 1069 4171 lat.
1094 4106 1238 4172 Gramm.
1264 4113 1286 4190 ξ
1308 4110 1373 4174 291

148 4217 150 4221 ’
221 4207 316 4270 Αιιιιι.
342 4207 357 4268 1
387 4204 578 4287 bezweifelt)
606 4204 732 4270 existirt
765 4204 961 4290 wenigstens
994 4207 1084 4272 eine
1114 4207 1241 4274 sichero
1274 4209 1378 4276 Stella
1429 4241 1433 4252 ·

220 4306 271 4370 bei
294 4305 432 4371 Lactanz
455 4305 532 4388 opit,
557 4308 607 4387 ll,
631 4306 673 4370 20
694 4306 734 4369 ad
761 4328 838 4389 quas
860 4311 968 4391 partes
999 4312 1191 4393 compotus
1221 4314 1256 4375 et
1283 4312 1377 4377 cibus

224 4405 319 4471 mista
341 4406 554 4493 pervenerint.
1055 4431 1065 4441 ⁸
1109 4413 1114 4419 ”
