2948 5048
720 308 948 372 -218-

259 463 336 548 tur),
359 483 431 527 cum
452 464 508 525 aut
526 460 690 545 proprium
704 463 768 524 ‘aut
789 462 845 525 ott.
889 458 977 524 Suet.
998 460 1114 528 illustr.
1129 482 1269 546 gramm.
1297 464 1414 525 dsunt

258 564 312 649 qui
340 564 515 627 litteratum
543 584 563 625 a
591 561 769 626 litteratore
796 561 1011 646 distinguant,
1039 564 1076 625 ut
1103 562 1220 626 Graeci
1249 583 1412 646 gramma·

258 666 356 729 ticum
383 686 402 728 a
429 663 652 749 grammatista
679 650 926 749 (distinguunt).
975 661 1122 728 Saltener
1149 662 1232 747 geht
1257 662 1331 728 hier
1360 663 1411 728 die

257 766 380 850 Ellipse
413 765 497 829 dem.
521 763 761 849 vollstdndigen
799 763 911 829 Gliede
943 764 1074 828 vorauf:
1107 763 1175 829 Liv.
1206 766 1243 844 7,
1273 766 1336 847 30,
1369 765 1409 828 23

258 868 394 933 alterum
427 888 616 951 responsum
649 865 785 929 salutem
817 865 982 930 victoriam
1014 865 1117 930 lucam
1152 887 1189 930 ac
1222 865 1407 930 libertatem

222 1056 226 1059 -
257 969 316 1055 (sc.
345 968 458 1054 feret),
485 967 620 1032 alterum
644 1003 683 1014 -
706 967 842 1031 ominari
871 967 1000 1050 horreo,
1029 988 1109 1051 quae
1135 965 1229 1032 ferat.
1274 967 1337 1050 40,
1370 970 1407 1031 10

262 1091 367 1154 neque
397 1069 526 1134 hercule
549 1069 646 1133 istum
668 1067 748 1132 mihi
769 1070 897 1132 tantum
919 1069 1012 1132 fratri
1033 1068 1148 1132 maiori
1171 1067 1404 1154 (praeferunt),

259 1172 314 1235 sed
341 1192 442 1255 prope
470 1174 520 1236 est
541 1173 577 1234 ut
597 1170 658 1235 tibi
680 1190 804 1254 quoque
826 1170 903 1253 ipsi,
932 1170 1001 1254 regi
1024 1172 1058 1233 et
1078 1170 1178 1252 patri,
1207 1169 1404 1253 praeferant.

258 1272 337 1337 Hor.
367 1275 426 1336 sat.
442 1275 492 1354 .1‚
519 1275 548 1350 l,
571 1272 613 1336 23
640 1274 821 1355 praeterea,
850 1292 891 1334 ne
916 1272 976 1353 sic,
1006 1271 1118 1354 utqui
1139 1270 1296 1335 iocularia
1317 1272 1404 1357 (per-

259 1373 419 1459 currunt),
443 1374 550 1438 ridens
571 1394 765 1457 percurram.
808 1372 876 1438 (lio.
898 1371 953 1436 fin.
977 1373 1006 1450 3,
1029 1372 1060 1455 6,
1083 1371 1126 1435 20
1147 1373 1233 1456 quod
1256 1394 1330 1437 cum
1351 1395 1404 1456 po-

257 1475 355 1540 situm
377 1475 420 1539 sit
434 1476 468 1538 in
484 1496 534 1558 eo,
556 1475 640 1559 quod
663 1471 846 1558 ὁμολογίαν
862 1471 961 1538 Stoici
983 1473 1191 1559 (appellant),
1215 1494 1277 1537 nos
1298 1473 1403 1557 appel·

257 1576 358 1640 lamus
387 1576 661 1656 convenientiam,
689 1575 717 1639 si
744 1574 852 1659 placet
873 1612 914 1622 -—
936 1596 1008 1639 cum
1034 1575 1134 1658 igitur
1161 1575 1196 1638 in
1219 1595 1258 1638 eo
1283 1575 1327 1639 sit
1348 1579 1403 1640 ctt

257 1678 292 1760 4,
314 1677 372 1760 27,
397 1678 438 1741 74
459 1677 538 1741 haec
560 1675 732 1760 παράδοξα
760 1676 809 1741 illi
839 1675 989 1762 (dicunt),
1013 1696 1072 1739 nos
1095 1674 1300 1742 admirabilia
1321 1676 1403 1741 dica·

257 1801 337 1844 mus.
374 1779 464 1843 acad.
492 1780 518 1854 l,
540 1779 583 1842 40
605 1774 708 1862 quam
721 1779 775 1842 ille
798 1780 989 1860 φαντασίαν
1011 1776 1197 1863 (appellat),
1219 1799 1280 1842 nos
1302 1779 1401 1842 visum

258 1879 455 1964 appellemus
477 1879 563 1944 licet.
1309 1948 1316 1952 ⁷

342 1982 373 2047 b.
402 1980 469 2046 Das
491 1980 705 2046 Factisohe
728 1980 806 2045 wird
827 2002 884 2045 aus
906 1980 976 2044 dem
1001 1979 1048 2044 als
1070 1979 1307 2064 unmoglich
1331 1982 1401 2045 Ge·

257 2082 427 2147 dachten
455 2085 602 2167 erginzt:
631 2082 697 2147 Cio.
720 2105 752 2166 p.
775 2082 884 2151 Plane.
907 2081 962 2161 22,
984 2083 1026 2147 53
1049 2104 1091 2146 an
1112 2103 1178 2145 una
1199 2081 1270 2145 fieri
1293 2085 1401 2166 potua

255 2187 345 2269 runt,
380 2185 408 2248 si
440 2206 505 2248 una
537 2185 640 2249 tribus
671 2205 736 2247 non
769 2183 939 2249 tulissent?
966 2178 973 2209 ‘¹
989 2178 1036 2246 At
1067 2181 1240 2247 nonnullas
1273 2183 1401 2266 punctis

256 2307 359 2370 paene
386 2285 520 2351 totidem
548 2285 731 2368 (tulerunt).
776 2284 829 2351 off.
852 2284 887 2363 2,
919 2285 996 2367 1,3
1026 2283 1139 2349 deinde
1168 2284 1247 2368 ipsis
1274 2283 1401 2367 scriptis

255 2409 319 2451 non
342 2409 380 2452 ea
402 2409 483 2472 quae
505 2409 591 2452 nunc
613 2387 847 2474 (mandamus),
875 2386 931 2450 sed
953 2386 1096 2451 actiones
1118 2388 1245 2449 nostras
1269 2385 1400 2449 manda·

256 2510 371 2552 remus.
415 2490 446 2568 3,
467 2490 496 2569 3,
523 2490 560 2553 12
582 2488 696 2573 quodsi
718 2488 746 2553 is
767 2491 853 2552 esset
874 2487 1056 2570 Panaetius,
1079 2487 1133 2570 qui
1156 2487 1307 2551 virtutem
1330 2508 1401 2571 pro·

253 2593 363 2674 pterea
389 2588 556 2654 colendam
578 2590 710 2673 diceret,
738 2591 821 2674 quod
841 2585 882 2652 'ea
904 2587 1046 2653 efficiens
1067 2587 1217 2652 utilitatis
1239 2592 1341 2672 esset,
1366 2593 1403 2654 ut

254 2691 276 2754 ii
301 2689 438 2775 (dicunt)
461 2691 517 2774 qui
540 2693 596 2755 ott.
634 2714 665 2775 p.
690 2690 797 2756 Deiot.
818 2691 856 2774 4,
882 2692 921 2754 12
942 2691 977 2754 in
1006 2711 1100 2774 quem
1127 2710 1198 2753 oum
1229 2689 1275 2753 dii
1305 2696 1399 2774 atquc

255 2791 402 2855 homines
425 2791 532 2856 omnia
554 2797 741 2858 ornamenta
763 2793 1009 2878 congessissent,
1032 2795 1101 2854 tum
1122 2793 1158 2854 tu
1180 2791 1248 2874 ipse
1264 2791 1403 2876 plurima

254 2895 287 2956 et
315 2891 455 2957 maxima
475 2894 722 2980 (congesseras).
765 2892 849 2958 Phil.
871 2894 908 2975 2,
931 2893 973 2957 29
1002 2891 1136 2974 multos,
1160 2893 1213 2976 qui
1239 2914 1257 2955 e
1279 2893 1403 2977 proelio

256 2992 450 3078 effugerant,
473 3017 552 3080 quos
574 2996 702 3079 Caesar,
724 3000 761 3059 ut
781 2993 954 3059 nonnullos
978 2993 1155 3078 (servarit),
1176 2992 1317 3059 fortasse
1340 3017 1403 3060 ser·

124 3147 127 3154 .
254 3098 375 3178 vasset,
412 3095 627 3163 crudelissime
660 3099 845 3182 persecutus
873 3092 1058 3159 trucidaras.
1085 3094 1199 3159 'Orid
1229 3116 1309 3160 rem.
1338 3118 1401 3161 am.

253 3197 294 3261 55
322 3196 454 3261 vixisset
481 3198 615 3284 Phyllis,
644 3200 671 3264 si
697 3219 749 3263 me
775 3198 861 3262 foret
885 3217 944 3260 usa
972 3195 1139 3281 magistro,
1169 3200 1202 3260 et
1228 3218 1288 3280 per
1316 3198 1403 3281 quod

254 3298 364 3362 novies
387 3298 514 3386 (ierat),
537 3301 663 3386 saepius
684 3301 762 3364 isset
783 3299 855 3363 iter.
1132 3286 1136 3291 ’

338 3421 365 3464 e.
396 3400 473 3465 Das
502 3402 562 3466 als
584 3400 761 3486 mbglich
785 3398 985 3464 Gedachte
1008 3397 1085 3461 wird
1107 3398 1166 3477 (im
1188 3398 1401 3483 conjunctis)

254 3523 309 3565 aus
339 3501 410 3566 dem
440 3501 677 3567 Pactischen
706 3504 850 3587 erg'anat.
895 3499 993 3564 Dann
1015 3498 1116 3564 findet
1138 3500 1189 3564 die
1212 3500 1340 3585 Ellipse
1362 3524 1403 3567 an

254 3603 416 3667 zweitsr
444 3604 543 3669 Stella
570 3603 656 3669 Statt
682 3603 747 3667 und
776 3602 827 3666 die
854 3601 1013 3684 Tempora
1040 3601 1075 3665 in
1103 3600 1219 3664 beiden
1248 3602 1403 3667 Gliedern

253 3704 324 3767 sind
353 3704 476 3789 gleich:
504 3705 570 3770 (lic.
596 3707 665 3768 Att.
695 3706 730 3783 8,
756 3707 809 3782 ll,
833 3705 850 3768 7
874 3702 971 3766 simul
1000 3702 1119 3786 aliquid
1148 3702 1296 3788 audiero,
1327 3705 1403 3769 scri·

256 3804 328 3868 bam
362 3806 401 3870 ad
433 3809 482 3891 te;
515 3809 551 3870 tu
584 3806 624 3870 ad
655 3827 706 3869 me
739 3805 834 3869 velim
861 3805 1018 3876 bonorum
1047 3824 1209 3868 sermones
1238 3805 1403 3891 (scribas).

253 3906 347 3971 Tusa.
371 3907 406 3986 2,
439 3909 478 3972 18
506 3906 659 3972 utendum
686 3911 735 3972 est
760 3907 861 3992 igitur
886 3906 936 3970 bis
961 3943 997 3954 -
1023 3944 1060 3953 -
1090 3927 1224 3989 quaeres
1251 3906 1402 3988 fortasse,

253 4009 411 4091 quomodo
433 4008 600 4093 (utendum
623 4008 689 4094 sit).
725 4009 757 4091 5,
779 4008 820 4078 22
844 4008 1038 4074 musicorum
1059 4028 1133 4071 vero
1152 4009 1402 4092 perstudiosum,

254 4113 382 4192 poetam
402 4111 498 4175 etiam
514 4110 673 4195 tragicum
689 4109 799 4190 (fuisse
814 4110 1018 4196 accepimus),
1043 4130 1139 4192 quam
1154 4110 1277 4173 bonum
1293 4111 1402 4189 (luisse

253 4212 482 4294 acceperimus)
504 4210 585 4274 nihil
607 4211 646 4274 ad
669 4232 747 4276 rem.
788 4234 820 4295 p.
845 4210 970 4279 Cluent.
995 4212 1030 4294 7,
1051 4211 1094 4274 20
1116 4211 1281 4276 accusavit
1304 4211 1401 4297 Oppi,-

253 4310 396 4392 anicum;
429 4332 524 4395 quam
557 4316 742 4377 constanter
774 4317 807 4377 et
839 4335 933 4397 quam
968 4312 1141 4397 diligenter
1174 4314 1399 4399 (accusaverit)

255 4415 367 4497 postea
389 4412 501 4477 dicam.
524 4433 613 4498 prov.
635 4434 724 4479 cons.
764 4416 812 4493 17,
828 4415 867 4479 41
887 4436 967 4500 quae
983 4435 1043 4499 ego
1058 4413 1167 4477 omnia
1182 4414 1399 4481 obstinatione
