3082 5064
618 322 935 385 “-408-

243 480 415 556 bonorum,
438 478 477 540 ad
500 476 743 554 liberalitatem,
766 496 883 539 novum
907 474 1026 537 crimen
1049 474 1089 538 ad
1112 495 1247 551 causam,
1278 474 1316 537 ad
1339 473 1384 537 di·

243 582 412 666 gnitatem.
458 578 540 644 Dem
570 581 696 663 gemisse
726 575 1029 659 archemang.
1057 579 1083 658 l,
1109 577 1147 639 19
1170 597 1242 639 eum
1265 575 1302 638 ad
1327 576 1385 639 hae
1442 642 1443 645 ,

241 683 439 766 suspiciones
466 679 661 744 certissimae
683 700 734 742 res
757 678 953 745 accederent.
977 677 1007 741 b.
1029 698 1055 741 c.
1079 678 1109 749 3,
1126 677 1168 740 24
1190 676 1229 740 ad
1251 676 1312 741 hoe
1334 677 1386 740 de·

240 784 436 849 trimentum.
487 781 581 846 Steht
607 783 640 845 in
664 779 794 844 solchen
818 778 1072 863 Verbindungen
1100 779 1156 842 der
1185 778 1303 842 Datis
1311 829 1320 862 ,
1349 801 1385 842 so

240 884 428 950 bezeichnet
464 883 607 947 derselbe
640 883 697 946 das
728 880 930 964 persbnliche
959 879 1132 963 Interesse,
1167 881 1225 943 wie
1254 880 1319 944 Cic.
1354 903 1385 964 p.

241 986 368 1062 Quinet.
395 987 422 1069 1,
445 987 465 1050 3
493 984 571 1049 illud
599 1004 724 1068 quoquc
752 983 842 1047 nobie
870 981 1001 1049 accedit.
1050 982 1089 1045 ad
1113 981 1172 1057 Qu.
1196 981 1234 1050 fr.
1259 984 1287 1063 l,
1314 983 1342 1065 1,
1371 986 1380 1044 l

241 1109 362 1151 annum
392 1085 522 1150 tertium
551 1085 723 1149 accessisse
746 1083 901 1147 desiderio
922 1088 1034 1146 nostro
1056 1087 1088 1147 et
1110 1084 1213 1147 labori
1235 1087 1301 1147 tuo.
1348 1083 1385 1147 lu

241 1187 477 1254 unklassischer
499 1185 643 1270 Spraehe
670 1185 758 1249 steht
780 1186 856 1249 aber
879 1184 935 1248 der
958 1183 1056 1248 Dativ
1079 1184 1162 1249 auch
1185 1186 1239 1262 da,
1262 1207 1312 1249 wo
1335 1186 1386 1248 die

241 1289 407 1354 Klassilrer
429 1289 473 1353 ad
495 1291 616 1369 setzen3
640 1309 675 1351 so
699 1285 799 1350 sehon
822 1285 922 1349 Varro
944 1309 969 1350 r.
993 1309 1017 1350 r.
1041 1288 1071 1371 2,
1087 1286 1154 1369 9,6
1178 1287 1291 1370 quibus
1313 1308 1385 1371 gre-

241 1392 335 1477 gibus
363 1374 432 1454 sine
462 1390 644 1474 pastoribus
672 1409 768 1453 canes
796 1387 1015 1453 accessissent.
1062 1389 1146 1452 Plin.
1170 1410 1202 1452 n.
1228 1387 1259 1452 lr.
1283 1389 1382 1473 prael.

242 1497 272 1574 ξ.
299 1493 338 1555 12
371 1513 460 1556 meae
481 1491 654 1555 temeritati
684 1489 819 1553 accessit
846 1491 905 1553 boc
934 1511 1057 1573 quoquo
1076 1489 1171 1573 ·quod
1194 1493 1248 1553 ctt.
1301 1490 1384 1555 Plin.

241 1616 292 1677 ep.
315 1595 347 1677 5,
363 1594 393 1676 8,
411 1594 431 1656 9
453 1581 540 1676 quid,
564 1593 591 1656 si
613 1592 689 1656 huie
711 1591 799 1654 oneri
822 1613 940 1654 novum
957 1592 1148 1657 accesserit?
1172 1631 1213 1640 —
1234 1592 1386 1657 Accedere

239 1695 341 1760 heisst
372 1694 449 1757 aber
477 1693 561 1757 auch
589 1693 768 1776 „zufallen,
799 1715 837 1756 zu
861 1692 953 1757 Theil
982 1694 1142 1757 werden.“
1198 1693 1238 1758 In
1266 1694 1384 1760 diesem

241 1797 341 1861 Sinna
362 1795 449 1860 steht
476 1817 509 1859 es
538 1817 622 1860 zwar
644 1795 697 1859 ein
720 1794 787 1858 Mal
816 1794 876 1859 mit
903 1796 962 1860 ad:
990 1794 1064 1859 Ter.
1089 1794 1216 1859 Phorm.
1241 1797 1318 1880 prol.
1342 1798 1385 1860 29

242 1899 387 1962 voluntas
411 1901 517 1960 vestra
540 1898 568 1961 si
592 1898 632 1960 ad
655 1900 782 1980 poetam
805 1897 985 1960 accesserit.
1029 1896 1117 1961 Aber
1139 1898 1172 1960 in
1196 1898 1278 1962 allen
1301 1899 1384 1962 iibri-

240 2021 304 2084 gen
328 1997 449 2063 Stellen
482 1997 569 2062 steht
597 1998 654 2061 der
682 1999 816 2061 Dativ:
851 1997 955 2061 Plaut.
984 1998 1105 2081 Amph.
1139 1999 1168 2081 2,
1198 1999 1227 2076 2,
1258 2001 1297 2063 77
1325 2000 1384 2064 tibi

239 2099 377 2165 stultitia
399 2100 540 2164 accessit.
584 2099 655 2163 Ter.
678 2099 758 2165 Hec.
782 2101 811 2177 3,
833 2099 862 2177 5,
879 2099 920 2163 56
942 2100 1121 2182 paullulum
1144 2100 1233 2166 vobis
1252 2102 1386 2166 accessit

239 2202 403 2286 pecuniae.
451 2199 516 2267 Cic.
540 2201 578 2265 de
601 2223 646 2266 or.
681 2204 708 2284 l,
732 2201 774 2266 60
802 2222 863 2286 quo
891 2201 963 2285 plus
987 2201 1048 2265 sibi
1071 2203 1186 2265 aetatis
1209 2203 1384 2268 accederet.

116 2326 119 2330 “
240 2327 269 2387 p.
286 2303 373 2368 Cael.
390 2304 433 2368 30
455 2325 526 2367 cum
548 2303 691 2386 paullum
714 2304 778 2367 iam
794 2303 917 2366 roboria
941 2303 1127 2366 accessisset
1150 2305 1259 2367 aetati.
1295 2303 1384 2369 Brut.

242 2407 284 2470 33
307 2426 419 2469 manus
442 2408 583 2469 extrema
605 2426 671 2469 non
695 2405 830 2470 accessit
852 2405 1000 2488 operibus
1023 2405 1101 2469 eius.
1149 2406 1216 2468 Att.
1243 2409 1269 2488 1,
1296 2406 1342 2490 16,
1365 2408 1385 2470 9

240 2507 330 2571 dolor
358 2508 491 2571 accessit
521 2507 612 2570 bonis
640 2507 727 2571 viris.
777 2507 808 2588 5,
832 2506 884 2589 20,
909 2507 929 2570 3
958 2505 1069 2570 Cassio
1098 2507 1223 2571 animus
1251 2510 1386 2573 accessit

240 2609 295 2694 (=
319 2608 442 2691 crevit).
487 2607 581 2673 Sall.
604 2608 678 2694 Jug.
695 2608 737 2672 44
758 2609 944 2692 imperatori
967 2630 1050 2672 novo
1067 2608 1138 2692 plus
1153 2609 1381 2675 sollicitudinis

241 2732 336 2794 quarn
359 2709 470 2772 auxilii
498 2713 554 2772 aut
577 2710 678 2774 bonae
701 2710 769 2793 spei
792 2710 971 2776 accedebat.
1025 2710 1092 2776 niv.
1114 2710 1144 2787 4,
1174 2711 1211 2774 l8
1235 2711 1385 2777 dictatori
1512 2766 1515 2769 ,

239 2833 277 2875 ac
299 2810 450 2874 Romanis
479 2848 520 2858 —-
554 2811 653 2875 animi
687 2833 856 2876 accessere.
925 2810 1007 2895 Nep.
1038 2811 1120 2876 Milt.
1148 2812 1178 2890 4,
1206 2814 1226 2877 5
1260 2814 1382 2878 civibus

238 2912 381 2976 animum
397 2931 606 2977 accessurum.
652 2911 734 2977 Vell.
758 2913 788 2992 2,
808 2912 875 2991 126,
892 2914 913 2976 2
935 2914 1178 2998 magistratibus
1194 2916 1380 2998 auctoritas,

240 3015 365 3078 senatui
389 3013 553 3095 maiestas,
582 3014 739 3078 iudicibus
766 3015 918 3099 gravitas.
970 3013 1062 3079 Eheu
1091 3037 1126 3079 so
1154 3016 1197 3079 im
1220 3016 1383 3082 silbernen

241 3115 364 3183 Latein.

325 3217 481 3282 Bedeutet
514 3219 654 3283 accedere
686 3217 785 3299 „sich
810 3217 1047 3300 anschliessen,
1077 3218 1314 3302 beipflichten“,
1349 3243 1385 3285 so

241 3319 299 3382 hat
320 3341 353 3383 es
382 3319 416 3383 in
439 3319 494 3384 der
515 3319 637 3383 tilteren
661 3318 732 3383 Zcit
760 3319 824 3383 und
850 3320 899 3384 bei
921 3318 1109 3384 Klassikern
1137 3320 1188 3383 die
1210 3319 1307 3403 Prap.
1331 3323 1384 3405 ad,

240 3422 299 3485 wie
322 3420 427 3485 Plaut.
452 3421 523 3485 Aul.
546 3422 576 3504 2,
593 3422 623 3502 8,
643 3422 680 3485 13
703 3421 742 3484 ad
765 3443 869 3484 meam
880 3422 1095 3502 sententiam.
1147 3422 1213 3487 Cic.
1236 3421 1327 3487 Verr.
1352 3424 1383 3505 3,
1462 3468 1464 3473 ,

239 3523 280 3586 28
305 3522 344 3586 ad
367 3523 434 3586 eius
457 3523 661 3587 condiciones
684 3523 921 3607 pactionesque.
973 3523 1058 3588 Cael.
1083 3544 1134 3606 ap.
1160 3522 1226 3588 Cic.
1249 3524 1327 3588 fam.
1352 3525 1383 3607 8,

242 3625 290 3707 16,
306 3625 327 3686 2
350 3624 388 3687 ad
412 3641 465 3687 eos
489 3625 627 3708 fugatos.
672 3623 759 3689 Caes.
785 3626 812 3686 b.
828 3645 854 3689 e.
880 3627 908 3705 l,
923 3623 965 3688 48
981 3624 1020 3687 ad
1036 3623 1181 3689 Caesaris
1198 3615 1381 3692 amicitiam.

240 3724 334 3789 Auch
357 3724 440 3789 noch
463 3725 514 3789 bei
537 3724 618 3808 Nep.
643 3724 725 3789 Milt.
754 3726 784 3808 3,
807 3727 828 3790 5
849 3725 889 3789 ad
914 3726 1098 3809 eonsilium3
1133 3725 1305 3791 besouders
1333 3728 1385 3792 bei

240 3827 302 3890 den
325 3825 346 3890 J
350 3826 486 3890 uristen:
516 3827 555 3890 ad
578 3827 772 3890 sententiam
795 3826 929 3891 alicuius
952 3827 1111 3892 accedere.
1162 3827 1250 3892 Aber
1272 3829 1305 3893 in
1329 3829 1385 3894 der

239 3926 523 3992 nachklassischen
548 3927 617 3991 Zeit
646 3927 723 3992 wird
751 3928 806 3992 der
830 3928 964 4013 Datis,
993 3929 1191 3994 namentlich
1214 3929 1270 3994 der
1292 3930 1384 3995 Per-

240 4050 323 4112 son,
346 4029 501 4114 hiiufiger.
555 4029 597 4094 So
620 4029 718 4094 sehon
743 4029 819 4093 Hor.
843 4034 901 4095 sat.
925 4031 954 4110 2,
977 4032 1008 4114 5,
1032 4032 1073 4096 72
1095 4032 1158 4095 illis
1181 4032 1313 4097 accedas
1336 4055 1384 4096 so-

241 4130 316 4195 cius.
363 4130 444 4194 Vell.
473 4135 498 4215 l,
521 4132 551 4212 8,
575 4132 595 4195 5
616 4131 756 4195 libenter
783 4131 823 4194 iis
853 4169 889 4177 —
921 4133 1121 4197 accesserim.
1173 4133 1247 4198 Und
1275 4155 1310 4197 so
1333 4135 1384 4198 bei

241 4230 431 4310 Quintilian,
455 4233 525 4297 dem
544 4232 703 4316 jliugeren
720 4231 855 4315 Plinius,
877 4233 1019 4317 Tacitus,
1043 4233 1164 4300 Sueton
1186 4257 1216 4298 u.
1239 4257 1266 4304 a.
1290 4234 1385 4300 theils

241 4333 301 4395 mit
321 4334 559 4416 persbnlichen,
593 4334 689 4398 theils
721 4333 803 4398 auch
832 4335 892 4398 mit
914 4336 975 4399 den
998 4335 1185 4400 s'achlichen
1210 4335 1384 4419 Objecten:

240 4435 429 4516 sententiae,
459 4434 614 4517 opinioni,
643 4440 853 4519 sacramento,
882 4437 937 4517 rei,
966 4439 1061 4519 parti.
1113 4436 1328 4520 Desgleichen
1351 4437 1384 4501 in
