3022 5070
711 315 859 381 -320
905 356 940 366 ..

260 470 419 539 fluctibus.
456 471 523 537 Der
545 471 737 557 (lonjunctiv
760 471 816 535 des
839 471 956 535 letaten
974 468 1134 536 Verbums
1156 471 1199 535 ist
1221 491 1282 533 nur
1303 469 1402 535 durch

260 576 323 640 den
344 575 486 640 Einfluss
509 576 566 638 der
591 572 876 657 voraufgehenden
899 572 1111 656 Oonjunctive
1133 574 1335 638 entstanden.
1371 596 1404 638 n.

259 677 289 742 (1.
317 680 343 761 1,
367 677 397 761 8,
419 677 461 740 20
483 678 537 741 sed
560 676 617 741 illa
639 675 804 759 palmaris,
834 676 918 758 quod
940 674 1040 754 idem,
1064 676 1120 759 qui
1141 698 1207 740 uon
1231 675 1327 739 modo
1350 698 1406 739 na·

261 785 331 844 tum
353 779 506 843 muudum
528 777 755 854 introduxerit,
780 776 833 840 sed
857 776 953 841 etiam
976 799 1074 840 manu
1095 798 1197 860 paene
1218 777 1355 855 factum,
1378 779 1406 841 is

259 904 331 946 eum
353 881 469 945 dixerit
491 881 558 943 fore
580 880 821 962 sempiternum.
848 915 884 925 -
909 878 970 942 Mit
992 900 1048 944 uc:
1070 901 1137 962 rep.
1159 879 1190 962 2,
1214 880 1266 957 22,
1287 880 1331 944 39
1354 902 1405 943 cu-

258 983 403 1067 ravitque
431 981 574 1065 (Servius
602 981 688 1066 rex),
722 980 805 1063 quod
835 1002 960 1064 semper
987 981 1025 1047 in
1049 1001 1115 1062 rep.
1143 981 1318 1044 tenendum
1348 987 1405 1063 est,

258 1107 300 1150 ne
327 1084 498 1168 plurimum
529 1083 655 1147 valeant
681 1081 810 1165 plurimi
838 1085 890 1162 (st.
922 1082 1078 1158 valerent,
1107 1083 1167 1146 wie
1189 1083 1267 1146 kuru
1291 1083 1405 1146 vorher

261 1184 442 1270 regelrecht
465 1184 639 1248 construirt
659 1184 717 1248 ist:
750 1184 797 1247 ita
818 1184 1010 1267 disparavit,
1033 1189 1128 1248 (11-
1154 1184 1286 1268 essent).
1330 1185 1405 1253 fam.

258 1289 288 1369 2,
314 1286 362 1368 19,
390 1290 400 1348 1
428 1286 560 1350 verebar
582 1308 622 1350 ne
644 1286 690 1349 ita
712 1281 854 1369 caderet,
885 1284 967 1369 quod
990 1286 1087 1349 ctiam
1109 1308 1195 1349 nunc
1219 1308 1328 1350 vereor
1336 1338 1345 1369 ,
1365 1310 1405 1353 nc

259 1393 334 1452 ante
362 1409 456 1472 quam
484 1392 518 1451 tu
546 1388 580 1451 in
606 1387 806 1470 provinciam
835 1387 991 1468 venisses,
1020 1408 1080 1471 ego
1103 1387 1142 1450 de
1163 1388 1330 1471 provincia
1352 1389 1404 1453 de·

260 1491 414 1555 cederem.
452 1489 532 1554 Hier
554 1490 596 1553 ist
618 1511 703 1552 zwar
724 1491 758 1552 iu
781 1489 837 1552 der
859 1488 976 1553 letzten
995 1488 1198 1553 Verbalform
1221 1489 1329 1554 nichts
1352 1513 1404 1574 ge-

257 1592 386 1671 iindert,
420 1592 496 1655 aber
518 1595 599 1656 statt
620 1591 676 1655 des
699 1590 832 1654 aweiten
854 1611 893 1654 uc
914 1590 1007 1654 sollte
1028 1596 1064 1655 ut
1084 1591 1214 1669 stehen,
1237 1592 1405 1677 abhangig

180 1717 196 1777 '.
259 1716 323 1758 von
345 1696 392 1758 ito
415 1695 547 1759 (11111111.
1397 1716 1399 1719 ’

213 1800 217 1815 “
341 1818 370 1860 c.
393 1795 596 1859 lndirecte
618 1795 790 1880 Fragen:
822 1818 853 1858 n.
876 1795 907 1857 (1.
933 1797 961 1876 1,
985 1795 1037 1877 21,
1062 1796 1101 1859 17
1125 1796 1200 1878 quid
1223 1796 1323 1881 igitur
1346 1802 1403 1862 mi-

256 1920 342 1976 rum,
365 1896 392 1960 si
414 1897 475 1961 hoc
498 1899 606 1961 eodem
629 1898 723 1961 modo
746 1895 1006 1961 homini'natura
1027 1898 1242 1980 praescripsit,
1264 1903 1301 1964 ut
1322 1901 1405 1964 nihil

256 1999 422 2082 pulchrius
444 2021 539 2083 quam
562 1999 723 2063 hominem
747 2002 884 2083 putaret,
908 2020 978 2062 eam
1001 2020 1069 2062 esse
1091 2019 1228 2078 causam,
1254 2022 1310 2064 cur
1329 2003 1404 2066 deos

259 2101 424 2165 hominum
464 2102 583 2165 similes
618 2101 826 2184 putaremus?
872 2103 995 2182 (woran
1030 2100 1233 2165 Schoemann
1259 2105 1404 2168 ’Austoss

255 2203 379 2283 nahm.)
424 2203 584 2267 Achnlich
615 2203 658 2265 ist
687 2202 773 2266 Lael.
807 2207 839 2284 1,
867 2202 1084 2266 2meministi
1106 2239 1148 2251 -
1170 2207 1292 2284 quanta
1321 2211 1405 2269 esset

255 2305 420 2368 hominum
444 2305 493 2368 vel
516 2304 684 2368 admiratio
708 2304 756 2367 vel
778 2304 916 2388 querela,
941 2324 988 2367 wo
1011 2308 1087 2369 esset
1101 2307 1180 2367 statt
1191 2305 1291 2384 [111111
1305 2306 1401 2389 steht,

258 2406 330 2471 weil
354 2405 610 2470 Zwischcnsiitze
632 2407 676 2468 im
692 2405 903 2469 Praeteritum
925 2406 1153 2490 voraufgelren.
1191 2404 1405 2492 Schwieriger

256 2509 299 2572 ist
322 2508 411 2581 Verr.
436 2507 482 2587 11,
508 2510 524 2570 1
554 2511 582 2588 ξ.
607 2504 648 2574 15
671 2507 725 2589 qui
748 2508 782 2570 in
803 2506 861 2570 illa
882 2528 915 2570 re
938 2506 1012 2591 quid
1036 2507 1141 2570 facere
1157 2509 1314 2591 potuerit,
1336 2530 1403 2573 non

256 2609 407 2677 habebat.
458 2608 628 2673 Vielleicht
656 2608 714 2671 hat
741 2608 810 2679 hier
838 2609 887 2672 die
916 2608 1009 2672 Niihe
1037 2609 1092 2671 des
1121 2607 1404 2693 voraufgehenden

256 2711 412 2775 Praesens
430 2712 593 2792 proferam
616 2710 677 2774 den
702 2708 893 2792 Oonjunctiv
916 2710 971 2774 dcs
994 2710 1136 2774 Perfecta
1160 2710 1256 2794 (stutt
1278 2713 1403 2798 posset)

147 2846 149 2850 v
257 2812 440 2876 veranlasst.
485 2811 642 2895 Ungenau
659 2811 701 2875 ist
716 2811 813 2876 aucli:
836 2811 923 2875 Lael.
940 2813 969 2894 8,
985 2813 1026 2875 26
1042 2811 1118 2875 illud
1136 2811 1402 2877 considerandum

257 2912 356 2976 videri
379 2913 475 2995 solet,
506 2918 612 2977 utrum
636 2950 676 2961 —
699 2913 877 2977 desiderata
899 2913 942 2976 sit
964 2914 1105 2977 amicitia
1128 2951 1165 2960 -
1191 2952 1230 2962 -
1254 2937 1296 2978 an
1319 2922 1404 2990 essct,

256 3037 305 3079 wo
333 3016 390 3079 der
410 3014 552 3079 Einfluss
575 3013 849 3099 voraufgehender
871 3013 1123 3079 Zwischensittze
1147 3016 1206 3078 mit
1228 3014 1321 3100 Conj.
1347 3018 1404 3080 im·

178 3111 187 3121 ’
256 3117 336 3200 perf.
360 3117 409 3180 die
432 3116 555 3180 falsche
577 3115 806 3200 Tempusiolge
828 3115 1012 3180 hervorrief.

341 3219 372 3282 d.
401 3218 741 3300 Temporals'atze:
765 3218 803 3281 de
826 3239 892 3283 sen.
918 3219 966 3300 12,
989 3218 1031 3280 42
1054 3219 1172 3282 invitus
1195 3219 1258 3282 feci
1281 3224 1317 3283 ut
1338 3220 1404 3284 for·

254 3320 369 3384 tissimi
401 3321 458 3382 viri
487 3319 523 3383 Τ.
550 3319 722 3383 Flaminini
752 3320 883 3382 fratrem
909 3358 942 3366 —
969 3341 986 3383 e
1014 3326 1126 3384 senatu
1155 3321 1303 3385 elicerem
1332 3343 1404 3407 sep·

255 3424 319 3485 tem
342 3423 437 3485 annis
460 3423 650 3504 postquam
673 3420 783 3484 consul
806 3421 920 3485 fuisset
943 3424 995 3501 (st.
1019 3422 1081 3485 luit
1101 3422 1178 3485 oder
1199 3422 1334 3503 fuerat).
1368 3445 1402 3487 n.

236 3523 284 3588 -d.
307 3524 344 3607 2,
366 3523 423 3601 50,
451 3523 509 3586 126
537 3545 630 3605 quam
660 3544 731 3586 cum
759 3523 992 3606 gustavissent,
1021 3523 1154 3607 sagittas
1176 3509 1326 3614 excidere
1354 3525 1403 3589 di·

256 3628 333 3688 cunt
355 3646 371 3688 e
394 3645 525 3707 corpore
550 3625 619 3705 (das
642 3624 938 3708 Plusquamperlect
966 3646 1027 3687 nur
1050 3646 1160 3708 wegcn
1191 3625 1247 3689 der
1274 3627 1403 3690 vorauf·

254 3724 422 3809 gehenden
456 3725 656 3805 Praeterita).
701 3726 791 3789 acad.
815 3727 849 3809 2,
871 3726 909 3808 3,
932 3726 953 3789 9
975 3747 1047 3789 cum
1069 3748 1107 3790 eo
1128 3726 1263 3794 Catulus
1285 3733 1320 3792 et
1341 3727 1405 3792 Lu·

254 3827 356 3892 cullus
383 3849 504 3912 nosque
533 3828 595 3911 ipsi
623 3827 777 3918 postridie
807 3827 999 3892 venissemus
1028 3850 1122 3912 quam
1144 3828 1228 3912 apud
1252 3830 1404 3895 Catulum

250 3930 428 4010 fuissemus.

339 4053 367 4095 e.
397 4031 621 4096 Modalsatz
644 4032 703 4095 mit
724 4038 760 4096 ut
781 4031 847 4095 und
869 4031 962 4112 quin:
990 4033 1031 4095 ad
1053 4034 1121 4100 Att.
1144 4033 1175 4115 3,
1204 4034 1251 4117 13,
1274 4033 1295 4096 2
1317 4036 1403 4118 quod

255 4153 305 4195 me
328 4155 422 4216 saepe
445 4155 584 4213 accusas,
609 4156 664 4198 cur
686 4132 772 4197 hunc
794 4155 897 4197 meum
920 4156 1029 4197 casum
1050 4137 1118 4197 tam
1133 4136 1274 4219 graviter
1289 4137 1403 4214 feram,

254 4233 350 4298 debes
377 4235 556 4318 ignoscere,
588 4258 657 4300 cum
687 4237 733 4298 ita
762 4257 812 4298 me
840 4235 996 4299 afflictum
1025 4236 1149 4317 videas,
1174 4237 1324 4323 (11(1111)
1348 4260 1405 4303 ne·

254 4336 373 4399 mincrn
403 4358 542 4418 unquam
570 4358 630 4401 nec
658 4337 773 4401 videris
799 4358 860 4401 nec
886 4338 1033 4402 audieris.
1078 4337 1116 4402 de
1139 4338 1201 4402 div.
1225 4340 1259 4421 2,
1281 4340 1335 4421 46,
1361 4341 1405 4403 96

254 4436 351 4517 quid?
396 4436 514 4500 illudne
542 4438 673 4502 dubium
703 4443 766 4517 est,
795 4439 871 4521 quin
895 4439 1002 4521 multi,
1026 4462 1097 4503 cum
1120 4439 1167 4503 ita
1189 4440 1259 4504 nati
1282 4447 1403 4520 essent,
