2948 5048
525 333 751 395 -241-

51 482 321 568 Tempnsreiben
354 483 482 567 folgen:
515 483 666 563 odissent,
703 488 835 563 teneret,
869 486 1012 566 auderet,
1043 487 1214 572 desineret,

58 589 180 670 ageret
203 623 245 632 -
269 588 423 669 speretur,
445 589 677 669 proponantur,
700 590 783 664 ruat,
806 586 925 652 babeat
947 626 985 634 —
1009 589 1157 654 tenderet
1172 630 1210 638 -

60 688 268 752 dimicaverit
297 723 334 732 -
360 685 517 750 desissent
538 724 579 733 —
602 688 695 771 sitne,
724 690 768 752 sit
791 727 829 735 -
854 693 1038 753 crearentur
1060 728 1100 738 —
1123 692 1213 756 abro-

64 793 175 874 getur,
208 788 316 869 liceat,
350 787 492 852 futurum
520 789 572 866 sit,
605 792 856 872 praetereantur.
913 788 1127 875 Vergleiohen
1156 794 1214 856 wir

64 891 207 968 hiermit,
231 911 297 953 was
320 890 404 953 oben
426 911 483 954 aus
500 882 616 954 Caesar
638 890 836 974 mitgetheilt
857 891 923 955 und
938 892 1138 976 besproohen
1159 895 1213 973 ist,

65 1014 101 1057 so
130 1000 263 1056 mirssen
290 992 349 1054 wir
377 990 427 1054 die
453 989 705 1055 rhetorisehe
733 991 960 1077 Verwendung
988 993 1043 1056 der
1072 993 1212 1080 Reprae

66 1094 232 1158 sentation
256 1093 408 1177 leuguen.

150 1194 214 1260 Die
240 1193 502 1278 praesentisohen
529 1193 687 1279 Tempora
715 1195 816 1259 sollen
843 1197 951 1260 ferner
978 1197 1013 1261 in
1042 1197 1215 1283 allgemein

66 1296 215 1381 gitltigen
239 1294 462 1360 Sentenzen
485 1294 703 1379 vorkommen,
726 1297 785 1360 wie
807 1297 841 1360 in
864 1297 935 1362 dem
951 1298 1069 1363 zuletzt
1084 1300 1214 1365 eitirten

65 1398 146 1483 Cap.
177 1397 250 1478 §.7
285 1417 323 1460 eo
351 1395 493 1480 impendi
521 1396 663 1461 laborem
686 1418 729 1461 ‘ae
756 1397 948 1482 perieulum,
983 1401 1066 1464 unde
1095 1402 1215 1466 emolu·

63 1504 211 1564 mentum
234 1501 329 1582 atque
351 1498 455 1563 honos
476 1503 625 1581 sperdw,
647 1497 729 1561 nihil
751 1520 819 1563 non
834 1500 1040 1585 adgressuros
1056 1501 1212 1585 homines,

61 1601 91 1664 si
115 1621 236 1685 magna
259 1599 383 1664 conatis
406 1620 523 1683 magna
546 1599 689 1682 praemia
706 1605 940 1682 proponantur.
989 1604 1015 1685 1,
1039 1603 1068 1685 9,
1091 1604 1111 1668 3
1134 1626 1213 1688 quas

61 1723 124 1766 sua
145 1703 248 1766 virtus
271 1723 308 1765 aa
330 1701 375 1765 dii
396 1703 510 1779 iuvent,
534 1722 667 1784 magnas
689 1722 765 1784 opes
787 1701 848 1765 sibi
864 1723 1079 1787 magnumque
1095 1727 1214 1770 nomen
1239 1710 1256 1720 ”
1388 1752 1393 1763 r

61 1803 181 1868 faeere.
227 1802 338 1866 Damit
366 1803 491 1866 stimmt
512 1802 644 1866 iiberein
672 1802 762 1867 Caes.
787 1802 816 1866 b.
839 1823 872 1887 g.
899 1805 926 1886 1,
948 1804 991 1866 44
1018 1806 1213 1888 stipendium

62 1926 181 1988 capere
195 1905 265 1968 iure
280 1903 367 1983 belli,
390 1902 474 1987 quod
490 1903 627 1967 victores
643 1902 736 1967 victis
751 1903 918 1986 imponere
940 1909 1129 1970 condierint.
1169 1907 1213 1972 Es
1244 1900 1247 1905 ’

58 2009 110 2071 ist
130 2003 413 2085 wahrsoheinlieh,
437 2005 509 2068 dass
531 2004 582 2069 die
598 2002 829 2069 Schriftsteller
851 2003 921 2068 hier
936 2005 1137 2086 absiohtlioh,
1161 2030 1214 2072 um

62 2105 130 2172 den
163 2107 321 2191 besagten
357 2104 471 2170 Zweok
504 2128 542 2169 au
583 2102 764 2184 erreiehen‚
804 2104 860 2167 das
892 2104 1129 2192 Haupttempus
1160 2130 1214 2193 ge-

60 2209 202 2274 braueht
223 2206 346 2291 haben3
375 2228 436 2270 nur
459 2207 536 2270 lisst
564 2206 632 2270 sich
656 2205 750 2270 keine
772 2206 995 2288 syntaktisehe
1018 2208 1119 2294 Rege]
1143 2211 1214 2274 dar-

61 2333 124 2374 aus
146 2308 359 2374 abstrahiren.

151 2412 221 2475 Aus
251 2409 405 2474 Grdnden
438 2409 494 2472 der
522 2407 803 2473 Deutliohkeit
829 2410 909 2475 wird
938 2410 988 2475 die
1016 2409 1214 2496 Repraesen-

63 2514 169 2579 tation
201 2512 393 2596 bevorzugt,
424 2532 516 2575 wenn
542 2510 598 2574 der
620 2508 775 2574 Gedanke
804 2533 845 2576 an
869 2512 921 2576 ein
943 2512 1074 2577 irreales
1096 2513 1214 2579 Bedin-

63 2613 373 2700 gungsverhiltniss
394 2612 467 2677 fern
490 2611 618 2677 bleiben
640 2611 713 2676 soll:
739 2613 874 2691 1,53‚8
896 2614 1030 2698 quodsi
1052 2615 1137 2699 apud
1159 2637 1214 2681 eos

65 2715 267 2800 supplicibus
303 2715 393 2780 loeus
424 2735 489 2778 non
523 2715 577 2792 sit,
616 2717 853 2797 pererraturum
886 2737 919 2779 se
951 2737 1044 2780 omne
1076 2716 1214 2787 Latium.

65 2816 110 2881 Es
132 2817 226 2881 sollte
249 2817 283 2879 in
306 2816 442 2881 direoter
463 2813 550 2879 Rede
572 2813 714 2880 beissen:
742 2815 770 2878 si
792 2837 858 2880 non
879 2822 924 2882 est
944 2818 1035 2903 (oder
1055 2819 1121 2904 sit),
1144 2827 1214 2903 per?

68 2918 191 2984 errabo.
236 2916 366 2996 Ebenso
394 2938 445 2980 am
473 2915 604 2982 Schluss
632 2917 687 2981 des
714 2914 857 3000 Capitels
880 2922 909 2999 ξ.
936 2921 971 2981 11
996 2919 1031 2983 in
1053 2941 1086 2983 se
1108 2920 1215 3003 ipsum

65 3024 230 3104 postremo
253 3018 457 3100 saeviturum,
481 3018 508 3082 si
530 3018 594 3090 alia
615 3021 723 3085 desim
759 3021 789 3102 3,
804 3019 856 3101 20,
874 3020 891 3083 7
910 3040 1012 3103 neque
1035 3021 1120 3084 enim
1142 3043 1215 3106 pro·

66 3121 269 3186 vocationem
296 3140 365 3184 esse
394 3119 522 3205 longius
551 3120 592 3183 ab
621 3120 698 3185 urbe
721 3120 807 3184 mille
829 3141 981 3203 passuum
1003 3125 1036 3184 et
1056 3110 1214 3204 tribunos,

65 3223 93 3287 si
115 3244 155 3288 eo
178 3224 323 3304 veniant,
352 3221 387 3285 in
410 3220 473 3285 alia
494 3221 589 3285 turba
617 3221 787 3297 Quiritium
815 3221 975 3285 subiectos
1004 3221 1073 3285 fore
1103 3243 1214 3287 oonsu-

65 3325 125 3388 l'ari
153 3323 298 3408 imperio.
342 3324 379 3407 3,
403 3322 459 3400 62,
485 3323 500 3384 1
525 3322 653 3404 quando
681 3326 788 3387 autem
817 3344 866 3401 se,
896 3322 924 3385 si
952 3325 1020 3386 tum
1049 3344 1114 3386 non
1141 3325 1212 3403 sint,

66 3448 159 3510 pares
188 3424 334 3489 hostibus
361 3424 452 3488 fore?
494 3423 621 3488 Direot:
655 3425 681 3488 si
707 3445 793 3488 nuno
816 3446 882 3488 non
905 3444 1023 3488 sumus.
1066 3424 1212 3506 4,15,1

68 3527 221 3592 Maelium
243 3527 311 3590 iure
333 3547 460 3591 caesum
483 3525 719 3609 pronuntiavit,
749 3525 874 3590 etiamsi
895 3525 989 3609 regni
1012 3525 1144 3590 erimine
1166 3525 1215 3590 in-

67 3650 143 3694 sons
171 3628 283 3709 suerit,
314 3629 369 3711 qui
397 3631 527 3693 vocatus
557 3649 576 3690 a
603 3627 757 3711 magistro
786 3627 928 3710 equitum
956 3626 997 3691 ad
1026 3625 1215 3690 dictatorem

67 3752 131 3796 non
161 3729 309 3795 venisset
360 3729 427 3793 Das
453 3726 660 3794 Verbreoben
693 3728 749 3791 der
777 3727 977 3811 Usurpation
1011 3726 1070 3792 soll
1102 3731 1214 3792 unent

68 3832 219 3897 schieden
242 3830 379 3909 bleiben,
403 3829 534 3894 desbalb
557 3828 649 3893 nicht
666 3829 787 3909 fuisset
824 3829 1051 3910 6,11,40u1n
1074 3828 1216 3911 interim,

68 3933 94 3997 si
121 3933 194 4018 quis
217 3953 290 3996 vere
313 3933 480 3996 aestimare
502 3932 589 4013 velit,
618 3951 637 3993 a
659 3928 702 3994 M.
725 3929 822 3995 Furio
844 3930 1026 4014 recuperari
1048 3929 1154 4014 patria
1177 3951 1215 3994 ex

68 4035 234 4099 obsidione
262 4033 402 4097 hostium
430 4055 494 4097 non
522 4031 679 4117 potuerit,
709 4031 772 4095 nisi
800 4054 819 4094 a
847 4053 880 4095 se
907 4032 994 4114 prius
1022 4030 1214 4115 Capitolium

67 4139 162 4221 atque
196 4157 254 4200 arx
287 4139 412 4200 servata
438 4140 513 4201 esset
540 4135 701 4220 (letzteres
730 4131 942 4217 nothwendig
972 4131 1216 4216 Plusquamper-

67 4238 131 4303 fect
154 4258 269 4322 wegen
293 4237 349 4302 der
370 4236 508 4301 irrealen
532 4234 753 4320 Bedingung).
794 4235 825 4315 8,
841 4233 871 4313 2,
890 4235 929 4298 13
950 4234 1058 4318 itaque
1081 4233 1215 4318 Campa·

66 4362 134 4424 nos,
157 4362 216 4405 seu
238 4339 335 4404 velim
355 4360 412 4403 seu
434 4339 543 4414 nolint,
565 4337 738 4420 quieturos.
775 4336 863 4399 Aber
885 4337 919 4400 in
942 4335 1004 4400 den
1026 4357 1088 4400 von
1105 4334 1216 4402 Ruhn-

65 4447 115 4507 ast
143 4441 175 4507 S.
201 4440 266 4504 222
295 4440 424 4505 eitirten
453 4437 573 4502 Stellen
603 4458 659 4500 aus
684 4440 711 4518 1,
734 4438 786 4521 40,
810 4438 830 4502 3
853 4439 917 4502 und
940 4439 990 4514 35,
1018 4438 1066 4518 17,
1090 4438 1108 4501 7
1131 4438 1216 4503 finde

113 4557 265 4602 brusaei.
282 4550 334 4591 hist
349 4547 439 4601 Syntax
453 4549 475 4592 d.
490 4548 533 4591 lat.
548 4547 597 4595 spx.
608 4549 626 4588 1.
641 4547 659 4586 2.
674 4546 734 4587 Auri.
984 4544 1014 4591 16
