<?xml version="1.0" encoding="UTF-8"?>
<!DOCTYPE html PUBLIC "-//W3C//DTD XHTML 1.0 Transitional//EN"
    "http://www.w3.org/TR/xhtml1/DTD/xhtml1-transitional.dtd">
<html xmlns="http://www.w3.org/1999/xhtml" xml:lang="en" lang="en">
 <head>
  <title>
</title>
<meta http-equiv="Content-Type" content="text/html;charset=utf-8" />
  <meta name='ocr-system' content='tesseract 3.04.00' />
  <meta name='ocr-capabilities' content='ocr_page ocr_carea ocr_par ocr_line ocrx_word'/>
</head>
<body>
  <div class='ocr_page' id='page_1' title='image "./historischesynt03draegoog/historischesynt03draegoog_0357.png"; bbox 0 0 3000 5064; ppageno 0'>
   <div class='ocr_carea' id='block_1_1' title="bbox 571 328 887 413">
    <p class='ocr_par' dir='ltr' id='par_1_1' title="bbox 571 328 887 413">
     <span class='ocr_line' id='line_1_1' title="bbox 571 328 887 413; baseline 0.003 -1"><span class='ocrx_word' id='word_1_1' title='bbox 571 328 887 413; x_wconf 81' lang='grc'><strong>-011-’</strong></span> 
     </span>
    </p>
   </div>
   <div class='ocr_carea' id='block_1_2' title="bbox 119 469 1261 993">
    <p class='ocr_par' dir='ltr' id='par_1_2' title="bbox 119 469 1261 993">
     <span class='ocr_line' id='line_1_2' title="bbox 119 469 1260 588; baseline 0.003 -23"><span class='ocrx_word' id='word_1_2' title='bbox 119 501 280 566; x_wconf 90' lang='lat' dir='ltr'><strong>neminem</strong></span> <span class='ocrx_word' id='word_1_3' title='bbox 310 505 348 567; x_wconf 91' lang='lat' dir='ltr'><strong>tu</strong></span> <span class='ocrx_word' id='word_1_4' title='bbox 369 502 496 584; x_wconf 89' lang='lat' dir='ltr'><strong>quidem</strong></span> <span class='ocrx_word' id='word_1_5' title='bbox 519 523 638 584; x_wconf 83' lang='lat' dir='ltr'><strong>eorum,</strong></span> <span class='ocrx_word' id='word_1_6' title='bbox 671 501 726 584; x_wconf 91' lang='lat' dir='ltr'><strong>qui</strong></span> <span class='ocrx_word' id='word_1_7' title='bbox 748 502 905 582; x_wconf 87' lang='lat' dir='ltr'><strong>viverent,</strong></span> <span class='ocrx_word' id='word_1_8' title='bbox 928 469 1098 586; x_wconf 67' lang='lat' dir='ltr'><strong>exciperes.</strong></span> <span class='ocrx_word' id='word_1_9' title='bbox 1154 504 1183 581; x_wconf 84' lang='lat'><strong>3,</strong></span> <span class='ocrx_word' id='word_1_10' title='bbox 1213 505 1260 588; x_wconf 99' lang='grc'><strong>16,</strong></span> 
     </span>
     <span class='ocr_line' id='line_1_3' title="bbox 120 602 1260 688; baseline 0.004 -23"><span class='ocrx_word' id='word_1_11' title='bbox 120 602 159 668; x_wconf 89' lang='grc'><strong>35</strong></span> <span class='ocrx_word' id='word_1_12' title='bbox 182 603 305 669; x_wconf 82' lang='lat' dir='ltr'><strong>diceres</strong></span> <span class='ocrx_word' id='word_1_13' title='bbox 329 604 446 688; x_wconf 91' lang='lat' dir='ltr'><strong>aliquid</strong></span> <span class='ocrx_word' id='word_1_14' title='bbox 481 607 514 667; x_wconf 91' lang='lat' dir='ltr'><strong>et</strong></span> <span class='ocrx_word' id='word_1_15' title='bbox 535 624 656 687; x_wconf 90' lang='lat' dir='ltr'><strong>magno</strong></span> <span class='ocrx_word' id='word_1_16' title='bbox 678 603 806 687; x_wconf 92' lang='lat' dir='ltr'><strong>quidem</strong></span> <span class='ocrx_word' id='word_1_17' title='bbox 834 603 1025 687; x_wconf 89' lang='lat' dir='ltr'><strong>philosopho</strong></span> <span class='ocrx_word' id='word_1_18' title='bbox 1054 605 1199 687; x_wconf 87' lang='lat' dir='ltr'><strong>dignum,</strong></span> <span class='ocrx_word' id='word_1_19' title='bbox 1233 607 1260 670; x_wconf 93' lang='lat' dir='ltr'><strong>si</strong></span> 
     </span>
     <span class='ocr_line' id='line_1_4' title="bbox 120 705 1261 791; baseline 0.005 -25"><span class='ocrx_word' id='word_1_20' title='bbox 120 724 155 768; x_wconf 87' lang='lat' dir='ltr'><strong>ea</strong></span> <span class='ocrx_word' id='word_1_21' title='bbox 177 705 264 769; x_wconf 89' lang='lat' dir='ltr'><strong>bona</strong></span> <span class='ocrx_word' id='word_1_22' title='bbox 287 726 357 771; x_wconf 85' lang='lat' dir='ltr'><strong>esse</strong></span> <span class='ocrx_word' id='word_1_23' title='bbox 378 706 527 784; x_wconf 73' lang='lat' dir='ltr'><strong>sentires,</strong></span> <span class='ocrx_word' id='word_1_24' title='bbox 559 726 640 789; x_wconf 89' lang='lat' dir='ltr'><strong>quae</strong></span> <span class='ocrx_word' id='word_1_25' title='bbox 662 708 769 786; x_wconf 82' lang='lat' dir='ltr'><strong>essent</strong></span> <span class='ocrx_word' id='word_1_26' title='bbox 795 706 849 789; x_wconf 90' lang='lat' dir='ltr'><strong>(st.</strong></span> <span class='ocrx_word' id='word_1_27' title='bbox 872 705 961 789; x_wconf 88' lang='lat' dir='ltr'><strong>sunt)</strong></span> <span class='ocrx_word' id='word_1_28' title='bbox 988 706 1118 770; x_wconf 91' lang='lat' dir='ltr'><strong>homine</strong></span> <span class='ocrx_word' id='word_1_29' title='bbox 1141 706 1261 791; x_wconf 88' lang='lat' dir='ltr'><strong>dignis·</strong></span> 
     </span>
     <span class='ocr_line' id='line_1_5' title="bbox 122 806 1258 890; baseline 0.004 -22"><span class='ocrx_word' id='word_1_30' title='bbox 122 806 209 870; x_wconf 88' lang='lat' dir='ltr'><strong>sima.</strong></span> <span class='ocrx_word' id='word_1_31' title='bbox 232 808 265 885; x_wconf 83' lang='lat'><strong>5,</strong></span> <span class='ocrx_word' id='word_1_32' title='bbox 288 807 318 883; x_wconf 90' lang='grc'><strong>9,</strong></span> <span class='ocrx_word' id='word_1_33' title='bbox 341 808 393 871; x_wconf 80' lang='grc'><strong>27.</strong></span> <span class='ocrx_word' id='word_1_34' title='bbox 423 807 496 871; x_wconf 87' lang='lat' dir='ltr'><strong>fam.</strong></span> <span class='ocrx_word' id='word_1_35' title='bbox 520 808 550 890; x_wconf 93' lang='grc'><strong>6,</strong></span> <span class='ocrx_word' id='word_1_36' title='bbox 566 806 633 888; x_wconf 88' lang='grc'><strong>6,4</strong></span> <span class='ocrx_word' id='word_1_37' title='bbox 654 806 807 887; x_wconf 85' lang='lat' dir='ltr'><strong>dicerem,</strong></span> <span class='ocrx_word' id='word_1_38' title='bbox 831 827 913 890; x_wconf 88' lang='lat' dir='ltr'><strong>quae</strong></span> <span class='ocrx_word' id='word_1_39' title='bbox 934 810 1009 871; x_wconf 87' lang='lat' dir='ltr'><strong>ante</strong></span> <span class='ocrx_word' id='word_1_40' title='bbox 1031 806 1139 871; x_wconf 87' lang='lat' dir='ltr'><strong>futura</strong></span> <span class='ocrx_word' id='word_1_41' title='bbox 1161 808 1258 872; x_wconf 85' lang='lat' dir='ltr'><strong>dixis·</strong></span> 
     </span>
     <span class='ocr_line' id='line_1_6' title="bbox 121 900 1260 993; baseline 0.003 -23"><span class='ocrx_word' id='word_1_42' title='bbox 121 927 186 971; x_wconf 89' lang='lat' dir='ltr'><strong>sem</strong></span> <span class='ocrx_word' id='word_1_43' title='bbox 207 908 263 992; x_wconf 88' lang='lat' dir='ltr'><strong>(st.</strong></span> <span class='ocrx_word' id='word_1_44' title='bbox 287 908 386 990; x_wconf 86' lang='lat' dir='ltr'>dixi),</span> <span class='ocrx_word' id='word_1_45' title='bbox 413 911 447 972; x_wconf 90' lang='lat' dir='ltr'><strong>ni</strong></span> <span class='ocrx_word' id='word_1_46' title='bbox 470 930 595 972; x_wconf 89' lang='lat' dir='ltr'><strong>vererer</strong></span> <span class='ocrx_word' id='word_1_47' title='bbox 616 929 657 972; x_wconf 92' lang='lat' dir='ltr'><strong>ue</strong></span> <span class='ocrx_word' id='word_1_48' title='bbox 680 929 718 971; x_wconf 86' lang='lat' dir='ltr'><strong>ex</strong></span> <span class='ocrx_word' id='word_1_49' title='bbox 740 909 862 972; x_wconf 88' lang='lat' dir='ltr'><strong>eventis</strong></span> <span class='ocrx_word' id='word_1_50' title='bbox 885 908 1006 993; x_wconf 88' lang='lat' dir='ltr'><strong>fingere</strong></span> <span class='ocrx_word' id='word_1_51' title='bbox 1028 910 1160 973; x_wconf 90' lang='lat' dir='ltr'><strong>viderer.</strong></span> <span class='ocrx_word' id='word_1_52' title='bbox 1181 900 1184 906; x_wconf 64' lang='grc'><strong>’</strong></span> <span class='ocrx_word' id='word_1_53' title='bbox 1206 910 1260 973; x_wconf 92' lang='lat' dir='ltr'><strong>fin.</strong></span> 
     </span>
    </p>
   </div>
   <div class='ocr_carea' id='block_1_3' title="bbox 108 1008 1262 4246">
    <p class='ocr_par' dir='ltr' id='par_1_3' title="bbox 108 1008 1262 1704">
     <span class='ocr_line' id='line_1_7' title="bbox 122 1008 1260 1092; baseline 0.001 -20"><span class='ocrx_word' id='word_1_54' title='bbox 122 1011 146 1092; x_wconf 92' lang='grc'><strong>1,</strong></span> <span class='ocrx_word' id='word_1_55' title='bbox 169 1012 200 1090; x_wconf 92' lang='grc'><strong>6,</strong></span> <span class='ocrx_word' id='word_1_56' title='bbox 225 1012 278 1075; x_wconf 93' lang='grc'><strong>21.</strong></span> <span class='ocrx_word' id='word_1_57' title='bbox 323 1009 413 1075; x_wconf 83' lang='lat' dir='ltr'><strong>Brut.</strong></span> <span class='ocrx_word' id='word_1_58' title='bbox 435 1010 466 1089; x_wconf 98' lang='grc'><strong>2,</strong></span> <span class='ocrx_word' id='word_1_59' title='bbox 489 1010 520 1073; x_wconf 89' lang='grc'><strong>6.</strong></span> <span class='ocrx_word' id='word_1_60' title='bbox 565 1009 604 1073; x_wconf 90' lang='lat' dir='ltr'><strong>de</strong></span> <span class='ocrx_word' id='word_1_61' title='bbox 626 1031 692 1074; x_wconf 91' lang='lat' dir='ltr'><strong>sen.</strong></span> <span class='ocrx_word' id='word_1_62' title='bbox 717 1011 766 1092; x_wconf 93' lang='grc'><strong>12,</strong></span> <span class='ocrx_word' id='word_1_63' title='bbox 788 1011 830 1073; x_wconf 93' lang='grc'><strong>42</strong></span> <span class='ocrx_word' id='word_1_64' title='bbox 852 1031 933 1092; x_wconf 89' lang='lat' dir='ltr'><strong>quae</strong></span> <span class='ocrx_word' id='word_1_65' title='bbox 956 1008 1098 1074; x_wconf 83' lang='lat' dir='ltr'><strong>efficeret</strong></span> <span class='ocrx_word' id='word_1_66' title='bbox 1119 1014 1171 1091; x_wconf 90' lang='lat' dir='ltr'><strong>(st.</strong></span> <span class='ocrx_word' id='word_1_67' title='bbox 1194 1012 1260 1075; x_wconf 84' lang='lat' dir='ltr'><strong>effi·</strong></span> 
     </span>
     <span class='ocr_line' id='line_1_8' title="bbox 118 1110 1258 1197; baseline 0.002 -23"><span class='ocrx_word' id='word_1_68' title='bbox 118 1111 187 1196; x_wconf 87' lang='lat' dir='ltr'><strong>cit).</strong></span> <span class='ocrx_word' id='word_1_69' title='bbox 243 1112 299 1176; x_wconf 89' lang='lat' dir='ltr'><strong>fin.</strong></span> <span class='ocrx_word' id='word_1_70' title='bbox 328 1113 358 1194; x_wconf 83' lang='lat'><strong>2,</strong></span> <span class='ocrx_word' id='word_1_71' title='bbox 386 1113 438 1195; x_wconf 91' lang='grc'><strong>35,</strong></span> <span class='ocrx_word' id='word_1_72' title='bbox 465 1112 525 1178; x_wconf 92' lang='grc'><strong>119</strong></span> <span class='ocrx_word' id='word_1_73' title='bbox 556 1113 718 1197; x_wconf 77' lang='lat' dir='ltr'><strong>gessisset.</strong></span> <span class='ocrx_word' id='word_1_74' title='bbox 774 1134 805 1194; x_wconf 92' lang='lat' dir='ltr'><strong>p.</strong></span> <span class='ocrx_word' id='word_1_75' title='bbox 828 1110 918 1175; x_wconf 86' lang='lat' dir='ltr'><strong>Sulla</strong></span> <span class='ocrx_word' id='word_1_76' title='bbox 943 1112 1017 1191; x_wconf 83' lang='lat'><strong>2,5</strong></span> <span class='ocrx_word' id='word_1_77' title='bbox 1050 1111 1190 1176; x_wconf 91' lang='lat' dir='ltr'><strong>viderem</strong></span> <span class='ocrx_word' id='word_1_78' title='bbox 1219 1151 1258 1161; x_wconf 89' lang='lat'>—</span> 
     </span>
     <span class='ocr_line' id='line_1_9' title="bbox 114 1213 1258 1298; baseline 0.001 -21"><span class='ocrx_word' id='word_1_79' title='bbox 114 1214 343 1278; x_wconf 82' lang='lat' dir='ltr'><strong>ascendissem.</strong></span> <span class='ocrx_word' id='word_1_80' title='bbox 381 1215 411 1296; x_wconf 88' lang='grc'><strong>5,</strong></span> <span class='ocrx_word' id='word_1_81' title='bbox 438 1215 476 1276; x_wconf 89' lang='grc'><strong>14</strong></span> <span class='ocrx_word' id='word_1_82' title='bbox 498 1214 726 1298; x_wconf 73' lang='lat' dir='ltr'><strong>investigasset</strong></span> <span class='ocrx_word' id='word_1_83' title='bbox 747 1250 784 1260; x_wconf 90' lang='lat'><em>-</em></span> <span class='ocrx_word' id='word_1_84' title='bbox 807 1213 984 1296; x_wconf 89' lang='lat' dir='ltr'><strong>aperuisset</strong></span> <span class='ocrx_word' id='word_1_85' title='bbox 1001 1251 1038 1261; x_wconf 87' lang='lat'>—</span> <span class='ocrx_word' id='word_1_86' title='bbox 1055 1213 1258 1278; x_wconf 81' lang='lat' dir='ltr'><strong>vindicasset.</strong></span> 
     </span>
     <span class='ocr_line' id='line_1_10' title="bbox 108 1314 1259 1399; baseline 0.002 -21"><span class='ocrx_word' id='word_1_87' title='bbox 108 1337 146 1399; x_wconf 90' lang='lat' dir='ltr'><strong>p.</strong></span> <span class='ocrx_word' id='word_1_88' title='bbox 174 1314 280 1379; x_wconf 86' lang='lat' dir='ltr'><strong>Balbo</strong></span> <span class='ocrx_word' id='word_1_89' title='bbox 301 1316 331 1393; x_wconf 87' lang='grc'><strong>6,</strong></span> <span class='ocrx_word' id='word_1_90' title='bbox 357 1317 396 1379; x_wconf 87' lang='grc'><strong>16</strong></span> <span class='ocrx_word' id='word_1_91' title='bbox 419 1316 595 1398; x_wconf 88' lang='lat' dir='ltr'><strong>expetisset</strong></span> <span class='ocrx_word' id='word_1_92' title='bbox 618 1352 655 1362; x_wconf 90' lang='lat'>—</span> <span class='ocrx_word' id='word_1_93' title='bbox 680 1317 906 1399; x_wconf 81' lang='lat' dir='ltr'><strong>peragrassent</strong></span> <span class='ocrx_word' id='word_1_94' title='bbox 928 1318 985 1378; x_wconf 88' lang='lat' dir='ltr'><strong>ctt.</strong></span> <span class='ocrx_word' id='word_1_95' title='bbox 1022 1315 1062 1379; x_wconf 91' lang='lat' dir='ltr'><strong>ad</strong></span> <span class='ocrx_word' id='word_1_96' title='bbox 1084 1315 1143 1390; x_wconf 85' lang='lat' dir='ltr'><strong>Qu.</strong></span> <span class='ocrx_word' id='word_1_97' title='bbox 1166 1316 1206 1380; x_wconf 86' lang='lat' dir='ltr'><strong>fr.</strong></span> <span class='ocrx_word' id='word_1_98' title='bbox 1232 1320 1259 1395; x_wconf 90' lang='grc'><strong>1,</strong></span> 
     </span>
     <span class='ocr_line' id='line_1_11' title="bbox 115 1416 1259 1503; baseline 0 -23"><span class='ocrx_word' id='word_1_99' title='bbox 115 1421 145 1496; x_wconf 91' lang='lat' dir='ltr'><strong>l,</strong></span> <span class='ocrx_word' id='word_1_100' title='bbox 170 1417 192 1481; x_wconf 87' lang='lat'>9</span> <span class='ocrx_word' id='word_1_101' title='bbox 221 1418 402 1501; x_wconf 88' lang='lat' dir='ltr'><strong>quicunque</strong></span> <span class='ocrx_word' id='word_1_102' title='bbox 426 1416 548 1481; x_wconf 86' lang='lat' dir='ltr'><strong>Romae</strong></span> <span class='ocrx_word' id='word_1_103' title='bbox 576 1417 665 1481; x_wconf 89' lang='lat' dir='ltr'><strong>ludos</strong></span> <span class='ocrx_word' id='word_1_104' title='bbox 695 1418 850 1503; x_wconf 73' lang='lat' dir='ltr'><strong>lacerent.</strong></span> <span class='ocrx_word' id='word_1_105' title='bbox 900 1421 979 1481; x_wconf 90' lang='lat' dir='ltr'><strong>orat.</strong></span> <span class='ocrx_word' id='word_1_106' title='bbox 1008 1420 1039 1498; x_wconf 63' lang='grc' dir='ltr'><strong>ξ.</strong></span> <span class='ocrx_word' id='word_1_107' title='bbox 1068 1418 1136 1482; x_wconf 87' lang='grc'><strong>132.</strong></span> <span class='ocrx_word' id='word_1_108' title='bbox 1181 1417 1259 1482; x_wconf 90' lang='lat' dir='ltr'><strong>Liv.</strong></span> 
     </span>
     <span class='ocr_line' id='line_1_12' title="bbox 108 1517 1260 1603; baseline 0 -20"><span class='ocrx_word' id='word_1_109' title='bbox 108 1520 177 1597; x_wconf 85' lang='grc'><strong>26,</strong></span> <span class='ocrx_word' id='word_1_110' title='bbox 199 1519 242 1582; x_wconf 90' lang='grc'><strong>49</strong></span> <span class='ocrx_word' id='word_1_111' title='bbox 249 1568 259 1601; x_wconf 94' lang='grc'><strong>,</strong></span> <span class='ocrx_word' id='word_1_112' title='bbox 284 1520 324 1583; x_wconf 90' lang='grc'><strong>14</strong></span> <span class='ocrx_word' id='word_1_113' title='bbox 351 1540 440 1583; x_wconf 89' lang='lat' dir='ltr'><strong>meae</strong></span> <span class='ocrx_word' id='word_1_114' title='bbox 467 1518 641 1603; x_wconf 83' lang='lat' dir='ltr'><strong>populique</strong></span> <span class='ocrx_word' id='word_1_115' title='bbox 669 1517 804 1583; x_wconf 87' lang='lat' dir='ltr'><strong>Romani</strong></span> <span class='ocrx_word' id='word_1_116' title='bbox 834 1519 1021 1602; x_wconf 88' lang='lat' dir='ltr'><strong>discipliuae</strong></span> <span class='ocrx_word' id='word_1_117' title='bbox 1050 1541 1146 1583; x_wconf 87' lang='lat' dir='ltr'><strong>causa</strong></span> <span class='ocrx_word' id='word_1_118' title='bbox 1178 1521 1260 1585; x_wconf 87' lang='lat' dir='ltr'><strong>face·</strong></span> 
     </span>
     <span class='ocr_line' id='line_1_13' title="bbox 112 1620 1262 1704; baseline 0.005 -20"><span class='ocrx_word' id='word_1_119' title='bbox 112 1643 196 1699; x_wconf 84' lang='lat' dir='ltr'><strong>rem,</strong></span> <span class='ocrx_word' id='word_1_120' title='bbox 219 1621 362 1704; x_wconf 84' lang='lat' dir='ltr'><strong>nequid,</strong></span> <span class='ocrx_word' id='word_1_121' title='bbox 378 1620 460 1704; x_wconf 92' lang='lat' dir='ltr'><strong>quod</strong></span> <span class='ocrx_word' id='word_1_122' title='bbox 476 1623 624 1685; x_wconf 88' lang='lat' dir='ltr'><strong>sanctum</strong></span> <span class='ocrx_word' id='word_1_123' title='bbox 639 1641 773 1704; x_wconf 85' lang='lat' dir='ltr'><strong>usquam</strong></span> <span class='ocrx_word' id='word_1_124' title='bbox 789 1624 880 1703; x_wconf 88' lang='lat' dir='ltr'><strong>esset,</strong></span> <span class='ocrx_word' id='word_1_125' title='bbox 903 1620 988 1703; x_wconf 90' lang='lat' dir='ltr'><strong>apud</strong></span> <span class='ocrx_word' id='word_1_126' title='bbox 1003 1642 1064 1685; x_wconf 89' lang='lat' dir='ltr'><strong>nos</strong></span> <span class='ocrx_word' id='word_1_127' title='bbox 1080 1621 1262 1689; x_wconf 85' lang='lat' dir='ltr'><strong>violaretur.</strong></span> 
     </span>
    </p>

    <p class='ocr_par' dir='ltr' id='par_1_4' title="bbox 116 1721 1262 2825">
     <span class='ocr_line' id='line_1_14' title="bbox 203 1721 1262 1807; baseline -0.001 -20"><span class='ocrx_word' id='word_1_128' title='bbox 203 1724 235 1787; x_wconf 85' lang='lat'><strong>3.</strong></span> <span class='ocrx_word' id='word_1_129' title='bbox 279 1722 375 1788; x_wconf 78' lang='grc'><strong>81100</strong></span> <span class='ocrx_word' id='word_1_130' title='bbox 404 1723 464 1786; x_wconf 86' lang='grc'><strong>0111</strong></span> <span class='ocrx_word' id='word_1_131' title='bbox 491 1721 701 1807; x_wconf 82' lang='lat' dir='ltr'><strong>temporalem</strong></span> <span class='ocrx_word' id='word_1_132' title='bbox 723 1743 810 1802; x_wconf 85' lang='lat' dir='ltr'><strong>cum,</strong></span> <span class='ocrx_word' id='word_1_133' title='bbox 840 1722 900 1786; x_wconf 91' lang='lat' dir='ltr'><strong>mit</strong></span> <span class='ocrx_word' id='word_1_134' title='bbox 921 1721 1080 1792; x_wconf 87' lang='lat' dir='ltr'><strong>causalem</strong></span> <span class='ocrx_word' id='word_1_135' title='bbox 1103 1745 1174 1790; x_wconf 80' lang='lat' dir='ltr'><strong>cum</strong></span> <span class='ocrx_word' id='word_1_136' title='bbox 1195 1724 1262 1788; x_wconf 94' lang='lat' dir='ltr'><strong>und</strong></span> 
     </span>
     <span class='ocr_line' id='line_1_15' title="bbox 116 1824 1262 1908; baseline 0.002 -20"><span class='ocrx_word' id='word_1_137' title='bbox 116 1827 221 1907; x_wconf 81' lang='lat' dir='ltr'><strong>quod:</strong></span> <span class='ocrx_word' id='word_1_138' title='bbox 243 1847 275 1888; x_wconf 96' lang='lat' dir='ltr'><strong>n.</strong></span> <span class='ocrx_word' id='word_1_139' title='bbox 299 1825 329 1889; x_wconf 94' lang='lat' dir='ltr'><strong>d.</strong></span> <span class='ocrx_word' id='word_1_140' title='bbox 355 1827 383 1908; x_wconf 86' lang='lat'><strong>1,</strong></span> <span class='ocrx_word' id='word_1_141' title='bbox 401 1826 450 1908; x_wconf 78' lang='lat'><strong>17,</strong></span> <span class='ocrx_word' id='word_1_142' title='bbox 465 1826 508 1889; x_wconf 85' lang='lat'><strong>45</strong></span> <span class='ocrx_word' id='word_1_143' title='bbox 529 1846 605 1889; x_wconf 91' lang='lat' dir='ltr'><strong>nam</strong></span> <span class='ocrx_word' id='word_1_144' title='bbox 627 1828 661 1888; x_wconf 90' lang='grc'><strong>01</strong></span> <span class='ocrx_word' id='word_1_145' title='bbox 682 1828 849 1908; x_wconf 88' lang='lat' dir='ltr'><strong>praestans</strong></span> <span class='ocrx_word' id='word_1_146' title='bbox 871 1824 1001 1888; x_wconf 88' lang='lat' dir='ltr'><strong>deorum</strong></span> <span class='ocrx_word' id='word_1_147' title='bbox 1023 1831 1139 1889; x_wconf 88' lang='lat' dir='ltr'><strong>natura</strong></span> <span class='ocrx_word' id='word_1_148' title='bbox 1161 1826 1262 1890; x_wconf 90' lang='lat' dir='ltr'><strong>homi-</strong></span> 
     </span>
     <span class='ocr_line' id='line_1_16' title="bbox 116 1927 1260 2009; baseline 0.001 -19"><span class='ocrx_word' id='word_1_149' title='bbox 116 1949 196 1990; x_wconf 91' lang='lat' dir='ltr'><strong>num</strong></span> <span class='ocrx_word' id='word_1_150' title='bbox 227 1927 346 2009; x_wconf 90' lang='lat' dir='ltr'><strong>pietate</strong></span> <span class='ocrx_word' id='word_1_151' title='bbox 373 1927 545 2008; x_wconf 86' lang='lat' dir='ltr'><strong>coleretur,</strong></span> <span class='ocrx_word' id='word_1_152' title='bbox 581 1947 652 1990; x_wconf 89' lang='lat' dir='ltr'><strong>eum</strong></span> <span class='ocrx_word' id='word_1_153' title='bbox 681 1929 714 1989; x_wconf 90' lang='lat' dir='ltr'><strong>et</strong></span> <span class='ocrx_word' id='word_1_154' title='bbox 741 1929 872 1990; x_wconf 89' lang='lat' dir='ltr'><strong>aeterna</strong></span> <span class='ocrx_word' id='word_1_155' title='bbox 900 1930 983 1990; x_wconf 89' lang='lat' dir='ltr'><strong>esset</strong></span> <span class='ocrx_word' id='word_1_156' title='bbox 1013 1929 1045 1990; x_wconf 90' lang='lat' dir='ltr'><strong>et</strong></span> <span class='ocrx_word' id='word_1_157' title='bbox 1067 1927 1260 1992; x_wconf 83' lang='lat' dir='ltr'><strong>beatissima.</strong></span> 
     </span>
     <span class='ocr_line' id='line_1_17' title="bbox 117 2024 1260 2111; baseline 0 -18"><span class='ocrx_word' id='word_1_158' title='bbox 117 2031 150 2111; x_wconf 91' lang='grc'><strong>3,</strong></span> <span class='ocrx_word' id='word_1_159' title='bbox 173 2029 204 2106; x_wconf 89' lang='grc'><strong>4,</strong></span> <span class='ocrx_word' id='word_1_160' title='bbox 228 2028 248 2091; x_wconf 88' lang='grc'><strong>9</strong></span> <span class='ocrx_word' id='word_1_161' title='bbox 278 2050 335 2092; x_wconf 88' lang='grc'><strong>001</strong></span> <span class='ocrx_word' id='word_1_162' title='bbox 357 2024 543 2091; x_wconf 79' lang='grc'><strong>1001001010</strong></span> <span class='ocrx_word' id='word_1_163' title='bbox 572 2032 677 2091; x_wconf 88' lang='lat' dir='ltr'><strong>autem</strong></span> <span class='ocrx_word' id='word_1_164' title='bbox 701 2027 802 2091; x_wconf 90' lang='lat' dir='ltr'><strong>altero</strong></span> <span class='ocrx_word' id='word_1_165' title='bbox 825 2026 929 2104; x_wconf 90' lang='lat' dir='ltr'><strong>oculo,</strong></span> <span class='ocrx_word' id='word_1_166' title='bbox 958 2049 1054 2092; x_wconf 86' lang='lat' dir='ltr'><strong>eausa</strong></span> <span class='ocrx_word' id='word_1_167' title='bbox 1080 2050 1146 2092; x_wconf 92' lang='lat' dir='ltr'><strong>non</strong></span> <span class='ocrx_word' id='word_1_168' title='bbox 1168 2033 1260 2110; x_wconf 85' lang='lat' dir='ltr'><strong>esset,</strong></span> 
     </span>
     <span class='ocr_line' id='line_1_18' title="bbox 119 2129 1262 2194; baseline 0 0"><span class='ocrx_word' id='word_1_169' title='bbox 119 2151 193 2194; x_wconf 90' lang='lat' dir='ltr'><strong>cum</strong></span> <span class='ocrx_word' id='word_1_170' title='bbox 220 2129 306 2194; x_wconf 90' lang='lat' dir='ltr'><strong>idem</strong></span> <span class='ocrx_word' id='word_1_171' title='bbox 333 2130 463 2194; x_wconf 89' lang='lat' dir='ltr'><strong>obtutus</strong></span> <span class='ocrx_word' id='word_1_172' title='bbox 491 2133 575 2194; x_wconf 88' lang='lat' dir='ltr'><strong>esset</strong></span> <span class='ocrx_word' id='word_1_173' title='bbox 602 2130 768 2193; x_wconf 90' lang='lat' dir='ltr'><strong>amborum</strong></span> <span class='ocrx_word' id='word_1_174' title='bbox 798 2132 830 2192; x_wconf 90' lang='lat' dir='ltr'><strong>et</strong></span> <span class='ocrx_word' id='word_1_175' title='bbox 856 2150 928 2192; x_wconf 89' lang='lat' dir='ltr'><strong>cum</strong></span> <span class='ocrx_word' id='word_1_176' title='bbox 955 2150 1061 2193; x_wconf 90' lang='lat' dir='ltr'><strong>rerum</strong></span> <span class='ocrx_word' id='word_1_177' title='bbox 1084 2135 1199 2194; x_wconf 88' lang='lat' dir='ltr'><strong>natura</strong></span> <span class='ocrx_word' id='word_1_178' title='bbox 1219 2169 1262 2179; x_wconf 94' lang='lat'><strong>—-</strong></span> 
     </span>
     <span class='ocr_line' id='line_1_19' title="bbox 119 2230 1260 2316; baseline 0.003 -22"><span class='ocrx_word' id='word_1_179' title='bbox 119 2232 282 2296; x_wconf 89' lang='lat' dir='ltr'><strong>voluisset.</strong></span> <span class='ocrx_word' id='word_1_180' title='bbox 326 2231 356 2313; x_wconf 94' lang='grc'><strong>2,</strong></span> <span class='ocrx_word' id='word_1_181' title='bbox 383 2232 446 2314; x_wconf 87' lang='grc'><strong>1,3</strong></span> <span class='ocrx_word' id='word_1_182' title='bbox 469 2235 633 2295; x_wconf 85' lang='lat' dir='ltr'><strong>tamenta</strong></span> <span class='ocrx_word' id='word_1_183' title='bbox 656 2231 796 2294; x_wconf 88' lang='lat' dir='ltr'><strong>vicissim</strong></span> <span class='ocrx_word' id='word_1_184' title='bbox 819 2230 928 2293; x_wconf 88' lang='lat' dir='ltr'><strong>audire</strong></span> <span class='ocrx_word' id='word_1_185' title='bbox 950 2231 1073 2310; x_wconf 88' lang='lat' dir='ltr'><strong>vellem,</strong></span> <span class='ocrx_word' id='word_1_186' title='bbox 1098 2254 1169 2296; x_wconf 88' lang='lat' dir='ltr'><strong>cum</strong></span> <span class='ocrx_word' id='word_1_187' title='bbox 1192 2234 1260 2316; x_wconf 89' lang='lat' dir='ltr'><strong>ipse</strong></span> 
     </span>
     <span class='ocr_line' id='line_1_20' title="bbox 120 2331 1262 2416; baseline 0.001 -18"><span class='ocrx_word' id='word_1_188' title='bbox 120 2339 186 2398; x_wconf 91' lang='lat' dir='ltr'><strong>tam</strong></span> <span class='ocrx_word' id='word_1_189' title='bbox 216 2332 318 2396; x_wconf 91' lang='lat' dir='ltr'><strong>multa</strong></span> <span class='ocrx_word' id='word_1_190' title='bbox 345 2332 496 2397; x_wconf 83' lang='lat' dir='ltr'><strong>dixissem</strong></span> <span class='ocrx_word' id='word_1_191' title='bbox 528 2336 577 2414; x_wconf 80' lang='lat' dir='ltr'><strong>(st.</strong></span> <span class='ocrx_word' id='word_1_192' title='bbox 600 2332 760 2416; x_wconf 85' lang='lat' dir='ltr'><strong>dixerim).</strong></span> <span class='ocrx_word' id='word_1_193' title='bbox 814 2331 896 2398; x_wconf 90' lang='lat' dir='ltr'><strong>Phil.</strong></span> <span class='ocrx_word' id='word_1_194' title='bbox 924 2333 956 2413; x_wconf 91' lang='grc'><strong>5,</strong></span> <span class='ocrx_word' id='word_1_195' title='bbox 982 2332 1030 2415; x_wconf 89' lang='grc'><strong>18,</strong></span> <span class='ocrx_word' id='word_1_196' title='bbox 1052 2335 1093 2396; x_wconf 93' lang='grc'><strong>51</strong></span> <span class='ocrx_word' id='word_1_197' title='bbox 1117 2354 1188 2397; x_wconf 86' lang='grc'><strong>0011</strong></span> <span class='ocrx_word' id='word_1_198' title='bbox 1211 2357 1262 2399; x_wconf 85' lang='grc'><strong>100</strong></span> 
     </span>
     <span class='ocr_line' id='line_1_21' title="bbox 119 2432 1261 2519; baseline 0.003 -22"><span class='ocrx_word' id='word_1_199' title='bbox 119 2434 209 2498; x_wconf 85' lang='lat' dir='ltr'><strong>nulla</strong></span> <span class='ocrx_word' id='word_1_200' title='bbox 237 2435 285 2497; x_wconf 91' lang='lat' dir='ltr'><strong>vis</strong></span> <span class='ocrx_word' id='word_1_201' title='bbox 314 2438 453 2519; x_wconf 88' lang='lat' dir='ltr'><strong>cogeret.</strong></span> <span class='ocrx_word' id='word_1_202' title='bbox 497 2434 576 2499; x_wconf 85' lang='lat' dir='ltr'><strong>fam.</strong></span> <span class='ocrx_word' id='word_1_203' title='bbox 599 2435 630 2517; x_wconf 91' lang='grc'><strong>2,</strong></span> <span class='ocrx_word' id='word_1_204' title='bbox 654 2434 684 2516; x_wconf 94' lang='grc'><strong>6,</strong></span> <span class='ocrx_word' id='word_1_205' title='bbox 706 2436 727 2498; x_wconf 93' lang='grc'><strong>5</strong></span> <span class='ocrx_word' id='word_1_206' title='bbox 755 2455 826 2498; x_wconf 91' lang='lat' dir='ltr'><strong>cum</strong></span> <span class='ocrx_word' id='word_1_207' title='bbox 854 2432 896 2496; x_wconf 92' lang='lat' dir='ltr'><strong>ad</strong></span> <span class='ocrx_word' id='word_1_208' title='bbox 917 2435 949 2496; x_wconf 94' lang='lat' dir='ltr'><strong>te</strong></span> <span class='ocrx_word' id='word_1_209' title='bbox 978 2433 1057 2498; x_wconf 88' lang='lat' dir='ltr'><strong>haec</strong></span> <span class='ocrx_word' id='word_1_210' title='bbox 1079 2435 1261 2500; x_wconf 88' lang='lat' dir='ltr'><strong>scriberem.</strong></span> 
     </span>
     <span class='ocr_line' id='line_1_22' title="bbox 120 2534 1261 2619; baseline 0.001 -19"><span class='ocrx_word' id='word_1_211' title='bbox 120 2539 201 2600; x_wconf 91' lang='lat' dir='ltr'><strong>orat.</strong></span> <span class='ocrx_word' id='word_1_212' title='bbox 225 2538 256 2616; x_wconf 65' lang='grc' dir='ltr'><strong>ξ.</strong></span> <span class='ocrx_word' id='word_1_213' title='bbox 278 2537 321 2600; x_wconf 91' lang='grc'><strong>32</strong></span> <span class='ocrx_word' id='word_1_214' title='bbox 354 2558 426 2600; x_wconf 89' lang='lat' dir='ltr'><strong>cum</strong></span> <span class='ocrx_word' id='word_1_215' title='bbox 454 2536 643 2619; x_wconf 88' lang='lat' dir='ltr'><strong>praesertim</strong></span> <span class='ocrx_word' id='word_1_216' title='bbox 670 2537 794 2599; x_wconf 88' lang='lat' dir='ltr'><strong>fuisset.</strong></span> <span class='ocrx_word' id='word_1_217' title='bbox 849 2534 941 2599; x_wconf 88' lang='lat' dir='ltr'><strong>Nach</strong></span> <span class='ocrx_word' id='word_1_218' title='bbox 969 2537 1070 2618; x_wconf 82' lang='lat' dir='ltr'><strong>quod:</strong></span> <span class='ocrx_word' id='word_1_219' title='bbox 1102 2537 1133 2619; x_wconf 90' lang='grc'><strong>9,</strong></span> <span class='ocrx_word' id='word_1_220' title='bbox 1165 2539 1212 2616; x_wconf 91' lang='grc'><strong>16,</strong></span> <span class='ocrx_word' id='word_1_221' title='bbox 1239 2540 1261 2600; x_wconf 88' lang='grc'><strong>4</strong></span> 
     </span>
     <span class='ocr_line' id='line_1_23' title="bbox 121 2636 1261 2721; baseline 0.001 -20"><span class='ocrx_word' id='word_1_222' title='bbox 121 2637 248 2702; x_wconf 86' lang='lat' dir='ltr'><strong>Servius</strong></span> <span class='ocrx_word' id='word_1_223' title='bbox 273 2675 309 2684; x_wconf 94' lang='lat'>-</span> <span class='ocrx_word' id='word_1_224' title='bbox 333 2637 428 2701; x_wconf 87' lang='lat' dir='ltr'><strong>facile</strong></span> <span class='ocrx_word' id='word_1_225' title='bbox 450 2638 571 2701; x_wconf 90' lang='lat' dir='ltr'><strong>diceret</strong></span> <span class='ocrx_word' id='word_1_226' title='bbox 591 2637 667 2721; x_wconf 85' lang='lat' dir='ltr'><strong>„hic</strong></span> <span class='ocrx_word' id='word_1_227' title='bbox 688 2658 798 2701; x_wconf 87' lang='lat' dir='ltr'><strong>versus</strong></span> <span class='ocrx_word' id='word_1_228' title='bbox 814 2636 917 2701; x_wconf 89' lang='lat' dir='ltr'><strong>Plauti</strong></span> <span class='ocrx_word' id='word_1_229' title='bbox 940 2659 1007 2702; x_wconf 93' lang='lat' dir='ltr'><strong>non</strong></span> <span class='ocrx_word' id='word_1_230' title='bbox 1029 2641 1087 2718; x_wconf 88' lang='lat' dir='ltr'><strong>est,</strong></span> <span class='ocrx_word' id='word_1_231' title='bbox 1111 2638 1163 2702; x_wconf 89' lang='lat' dir='ltr'><strong>hic</strong></span> <span class='ocrx_word' id='word_1_232' title='bbox 1178 2643 1261 2721; x_wconf 86' lang='lat' dir='ltr'><strong>est,“</strong></span> 
     </span>
     <span class='ocr_line' id='line_1_24' title="bbox 120 2738 853 2825; baseline -0.001 -22"><span class='ocrx_word' id='word_1_233' title='bbox 120 2738 202 2823; x_wconf 91' lang='lat' dir='ltr'><strong>qnod</strong></span> <span class='ocrx_word' id='word_1_234' title='bbox 224 2740 316 2803; x_wconf 87' lang='lat' dir='ltr'><strong>tritas</strong></span> <span class='ocrx_word' id='word_1_235' title='bbox 339 2760 432 2803; x_wconf 88' lang='lat' dir='ltr'><strong>aures</strong></span> <span class='ocrx_word' id='word_1_236' title='bbox 455 2739 588 2803; x_wconf 88' lang='lat' dir='ltr'><strong>haberet</strong></span> <span class='ocrx_word' id='word_1_237' title='bbox 609 2740 662 2825; x_wconf 89' lang='lat' dir='ltr'><strong>(st.</strong></span> <span class='ocrx_word' id='word_1_238' title='bbox 686 2739 853 2824; x_wconf 78' lang='lat' dir='ltr'><strong>habebat).</strong></span> 
     </span>
    </p>

    <p class='ocr_par' dir='ltr' id='par_1_5' title="bbox 119 2840 1262 3940">
     <span class='ocr_line' id='line_1_25' title="bbox 204 2840 1262 2926; baseline 0.004 -22"><span class='ocrx_word' id='word_1_239' title='bbox 204 2841 352 2905; x_wconf 80' lang='lat' dir='ltr'><strong>Anderer</strong></span> <span class='ocrx_word' id='word_1_240' title='bbox 373 2843 436 2904; x_wconf 80' lang='lat' dir='ltr'><strong>Art</strong></span> <span class='ocrx_word' id='word_1_241' title='bbox 457 2840 529 2903; x_wconf 84' lang='lat' dir='ltr'><strong>sind</strong></span> <span class='ocrx_word' id='word_1_242' title='bbox 552 2840 734 2926; x_wconf 88' lang='lat' dir='ltr'><strong>diejenigen</strong></span> <span class='ocrx_word' id='word_1_243' title='bbox 750 2840 960 2926; x_wconf 76' lang='lat' dir='ltr'><strong>Nebensiitze,</strong></span> <span class='ocrx_word' id='word_1_244' title='bbox 982 2844 1017 2907; x_wconf 91' lang='lat' dir='ltr'><strong>in</strong></span> <span class='ocrx_word' id='word_1_245' title='bbox 1040 2843 1183 2909; x_wconf 82' lang='grc'><strong>0010100</strong></span> <span class='ocrx_word' id='word_1_246' title='bbox 1206 2844 1262 2910; x_wconf 92' lang='lat' dir='ltr'><strong>der</strong></span> 
     </span>
     <span class='ocr_line' id='line_1_26' title="bbox 122 2941 1260 3028; baseline 0.004 -22"><span class='ocrx_word' id='word_1_247' title='bbox 122 2941 314 3026; x_wconf 85' lang='lat' dir='ltr'><strong>Gonjunctiv</strong></span> <span class='ocrx_word' id='word_1_248' title='bbox 335 2941 547 3026; x_wconf 86' lang='lat' dir='ltr'><strong>nothvvendig</strong></span> <span class='ocrx_word' id='word_1_249' title='bbox 569 2943 621 3026; x_wconf 87' lang='lat' dir='ltr'><strong>ist,</strong></span> <span class='ocrx_word' id='word_1_250' title='bbox 644 2944 716 3007; x_wconf 90' lang='lat' dir='ltr'><strong>weil</strong></span> <span class='ocrx_word' id='word_1_251' title='bbox 739 2965 773 3007; x_wconf 91' lang='grc'><strong>01</strong></span> <span class='ocrx_word' id='word_1_252' title='bbox 795 2948 877 3007; x_wconf 87' lang='grc'><strong>0001</strong></span> <span class='ocrx_word' id='word_1_253' title='bbox 899 2944 1056 3028; x_wconf 87' lang='lat' dir='ltr'><strong>logiseh</strong></span> <span class='ocrx_word' id='word_1_254' title='bbox 1080 2951 1175 3012; x_wconf 91' lang='lat' dir='ltr'><strong>uuter</strong></span> <span class='ocrx_word' id='word_1_255' title='bbox 1189 2947 1260 3011; x_wconf 91' lang='lat' dir='ltr'><strong>dem</strong></span> 
     </span>
     <span class='ocr_line' id='line_1_27' title="bbox 121 3042 1261 3127; baseline 0.006 -21"><span class='ocrx_word' id='word_1_256' title='bbox 121 3042 279 3107; x_wconf 83' lang='lat' dir='ltr'><strong>Eiuflusse</strong></span> <span class='ocrx_word' id='word_1_257' title='bbox 311 3044 367 3108; x_wconf 89' lang='lat' dir='ltr'><strong>des</strong></span> <span class='ocrx_word' id='word_1_258' title='bbox 399 3043 641 3108; x_wconf 88' lang='lat' dir='ltr'><strong>conditionalen</strong></span> <span class='ocrx_word' id='word_1_259' title='bbox 669 3043 884 3127; x_wconf 85' lang='lat' dir='ltr'><strong>Hauptsatzes</strong></span> <span class='ocrx_word' id='word_1_260' title='bbox 912 3045 1006 3124; x_wconf 87' lang='lat' dir='ltr'><strong>steht,</strong></span> <span class='ocrx_word' id='word_1_261' title='bbox 1042 3049 1106 3111; x_wconf 92' lang='lat' dir='ltr'><strong>und</strong></span> <span class='ocrx_word' id='word_1_262' title='bbox 1139 3069 1188 3111; x_wconf 89' lang='lat' dir='ltr'><strong>wo</strong></span> <span class='ocrx_word' id='word_1_263' title='bbox 1216 3049 1261 3113; x_wconf 92' lang='lat' dir='ltr'><strong>im</strong></span> 
     </span>
     <span class='ocr_line' id='line_1_28' title="bbox 123 3142 1261 3226; baseline 0.004 -18"><span class='ocrx_word' id='word_1_264' title='bbox 123 3142 307 3210; x_wconf 88' lang='lat' dir='ltr'><strong>Deutschen</strong></span> <span class='ocrx_word' id='word_1_265' title='bbox 335 3144 478 3210; x_wconf 88' lang='lat' dir='ltr'><strong>derselbe</strong></span> <span class='ocrx_word' id='word_1_266' title='bbox 505 3143 619 3209; x_wconf 90' lang='lat' dir='ltr'><strong>Modus</strong></span> <span class='ocrx_word' id='word_1_267' title='bbox 646 3145 853 3210; x_wconf 86' lang='lat' dir='ltr'><strong>erforderlich</strong></span> <span class='ocrx_word' id='word_1_268' title='bbox 882 3147 940 3211; x_wconf 90' lang='lat' dir='ltr'><strong>ist:</strong></span> <span class='ocrx_word' id='word_1_269' title='bbox 968 3147 1033 3212; x_wconf 82' lang='grc'><strong>610.</strong></span> <span class='ocrx_word' id='word_1_270' title='bbox 1057 3149 1096 3211; x_wconf 90' lang='lat' dir='ltr'><strong>de</strong></span> <span class='ocrx_word' id='word_1_271' title='bbox 1119 3170 1186 3213; x_wconf 90' lang='grc'><strong>000.</strong></span> <span class='ocrx_word' id='word_1_272' title='bbox 1212 3153 1261 3226; x_wconf 89' lang='grc'><strong>11,</strong></span> 
     </span>
     <span class='ocr_line' id='line_1_29' title="bbox 121 3247 1261 3332; baseline 0.004 -23"><span class='ocrx_word' id='word_1_273' title='bbox 121 3247 160 3310; x_wconf 89' lang='grc'><strong>38</strong></span> <span class='ocrx_word' id='word_1_274' title='bbox 192 3268 274 3332; x_wconf 90' lang='lat' dir='ltr'><strong>quae</strong></span> <span class='ocrx_word' id='word_1_275' title='bbox 303 3247 331 3310; x_wconf 88' lang='lat' dir='ltr'><strong>si</strong></span> <span class='ocrx_word' id='word_1_276' title='bbox 354 3247 482 3329; x_wconf 84' lang='lat' dir='ltr'><strong>exsequi</strong></span> <span class='ocrx_word' id='word_1_277' title='bbox 504 3249 683 3330; x_wconf 84' lang='lat' dir='ltr'><strong>nequirem,</strong></span> <span class='ocrx_word' id='word_1_278' title='bbox 717 3250 824 3311; x_wconf 88' lang='lat' dir='ltr'><strong>tamen</strong></span> <span class='ocrx_word' id='word_1_279' title='bbox 860 3269 910 3310; x_wconf 92' lang='lat' dir='ltr'><strong>me</strong></span> <span class='ocrx_word' id='word_1_280' title='bbox 934 3248 1068 3313; x_wconf 87' lang='lat' dir='ltr'><strong>lectulus</strong></span> <span class='ocrx_word' id='word_1_281' title='bbox 1097 3271 1185 3312; x_wconf 86' lang='lat' dir='ltr'><strong>meus</strong></span> <span class='ocrx_word' id='word_1_282' title='bbox 1207 3250 1261 3313; x_wconf 94' lang='lat' dir='ltr'><strong>ob·</strong></span> 
     </span>
     <span class='ocr_line' id='line_1_30' title="bbox 122 3347 1260 3433; baseline 0.004 -23"><span class='ocrx_word' id='word_1_283' title='bbox 122 3347 254 3413; x_wconf 89' lang='lat' dir='ltr'><strong>lectaret</strong></span> <span class='ocrx_word' id='word_1_284' title='bbox 275 3370 313 3411; x_wconf 86' lang='lat' dir='ltr'><strong>ea</strong></span> <span class='ocrx_word' id='word_1_285' title='bbox 335 3349 406 3431; x_wconf 88' lang='lat' dir='ltr'><strong>ipsa</strong></span> <span class='ocrx_word' id='word_1_286' title='bbox 428 3348 635 3432; x_wconf 82' lang='lat' dir='ltr'><strong>cogitantem,</strong></span> <span class='ocrx_word' id='word_1_287' title='bbox 659 3371 740 3431; x_wconf 87' lang='lat' dir='ltr'><strong>quae</strong></span> <span class='ocrx_word' id='word_1_288' title='bbox 763 3350 826 3413; x_wconf 91' lang='lat' dir='ltr'><strong>iam</strong></span> <span class='ocrx_word' id='word_1_289' title='bbox 849 3370 944 3432; x_wconf 88' lang='lat' dir='ltr'><strong>agere</strong></span> <span class='ocrx_word' id='word_1_290' title='bbox 959 3372 1025 3413; x_wconf 92' lang='lat' dir='ltr'><strong>non</strong></span> <span class='ocrx_word' id='word_1_291' title='bbox 1041 3371 1181 3433; x_wconf 82' lang='lat' dir='ltr'><strong>possem3</strong></span> <span class='ocrx_word' id='word_1_292' title='bbox 1205 3353 1260 3414; x_wconf 91' lang='lat' dir='ltr'><strong>sed</strong></span> 
     </span>
     <span class='ocr_line' id='line_1_31' title="bbox 121 3449 1260 3535; baseline 0 -21"><span class='ocrx_word' id='word_1_293' title='bbox 121 3453 154 3514; x_wconf 89' lang='lat' dir='ltr'><strong>ut</strong></span> <span class='ocrx_word' id='word_1_294' title='bbox 176 3450 313 3534; x_wconf 86' lang='lat' dir='ltr'><strong>possim,</strong></span> <span class='ocrx_word' id='word_1_295' title='bbox 348 3449 428 3513; x_wconf 87' lang='lat' dir='ltr'><strong>facit</strong></span> <span class='ocrx_word' id='word_1_296' title='bbox 450 3453 522 3512; x_wconf 88' lang='lat' dir='ltr'><strong>aeta</strong></span> <span class='ocrx_word' id='word_1_297' title='bbox 544 3451 620 3514; x_wconf 88' lang='lat' dir='ltr'><strong>vita.</strong></span> <span class='ocrx_word' id='word_1_298' title='bbox 674 3450 858 3525; x_wconf 74' lang='grc'><strong>01111011.</strong></span> <span class='ocrx_word' id='word_1_299' title='bbox 890 3455 916 3527; x_wconf 89' lang='lat'><strong>1,</strong></span> <span class='ocrx_word' id='word_1_300' title='bbox 943 3455 968 3528; x_wconf 90' lang='grc'><strong>1,</strong></span> <span class='ocrx_word' id='word_1_301' title='bbox 994 3455 1009 3514; x_wconf 87' lang='grc'><strong>1</strong></span> <span class='ocrx_word' id='word_1_302' title='bbox 1039 3451 1122 3535; x_wconf 91' lang='lat' dir='ltr'><strong>quod</strong></span> <span class='ocrx_word' id='word_1_303' title='bbox 1150 3452 1260 3514; x_wconf 92' lang='lat' dir='ltr'><strong>eodem</strong></span> 
     </span>
     <span class='ocr_line' id='line_1_32' title="bbox 120 3550 1259 3641; baseline 0.002 -26"><span class='ocrx_word' id='word_1_304' title='bbox 120 3557 264 3641; x_wconf 87' lang='lat' dir='ltr'><strong>tempore</strong></span> <span class='ocrx_word' id='word_1_305' title='bbox 286 3572 355 3615; x_wconf 91' lang='lat' dir='ltr'><strong>esse</strong></span> <span class='ocrx_word' id='word_1_306' title='bbox 378 3550 591 3635; x_wconf 85' lang='lat' dir='ltr'><strong>intelligerem</strong></span> <span class='ocrx_word' id='word_1_307' title='bbox 615 3556 671 3615; x_wconf 89' lang='grc'><strong>011.</strong></span> <span class='ocrx_word' id='word_1_308' title='bbox 721 3574 752 3616; x_wconf 94' lang='lat' dir='ltr'><strong>n.</strong></span> <span class='ocrx_word' id='word_1_309' title='bbox 777 3551 808 3615; x_wconf 94' lang='lat' dir='ltr'><strong>d.</strong></span> <span class='ocrx_word' id='word_1_310' title='bbox 837 3552 867 3634; x_wconf 91' lang='grc'><strong>2,</strong></span> <span class='ocrx_word' id='word_1_311' title='bbox 889 3553 941 3634; x_wconf 79' lang='grc'><strong>31,</strong></span> <span class='ocrx_word' id='word_1_312' title='bbox 964 3553 1016 3617; x_wconf 88' lang='grc'><strong>95.</strong></span> <span class='ocrx_word' id='word_1_313' title='bbox 1067 3553 1259 3617; x_wconf 85' lang='lat' dir='ltr'><strong>Ansserdam</strong></span> 
     </span>
     <span class='ocr_line' id='line_1_33' title="bbox 120 3650 1260 3735; baseline 0.001 -18"><span class='ocrx_word' id='word_1_314' title='bbox 120 3654 209 3717; x_wconf 87' lang='lat' dir='ltr'><strong>citirt</strong></span> <span class='ocrx_word' id='word_1_315' title='bbox 229 3652 339 3717; x_wconf 86' lang='lat' dir='ltr'><strong>Peters</strong></span> <span class='ocrx_word' id='word_1_316' title='bbox 361 3651 465 3716; x_wconf 88' lang='lat' dir='ltr'><strong>noch:</strong></span> <span class='ocrx_word' id='word_1_317' title='bbox 492 3674 522 3735; x_wconf 92' lang='lat' dir='ltr'><strong>p.</strong></span> <span class='ocrx_word' id='word_1_318' title='bbox 548 3650 629 3716; x_wconf 85' lang='lat' dir='ltr'><strong>Sest.</strong></span> <span class='ocrx_word' id='word_1_319' title='bbox 653 3653 703 3729; x_wconf 90' lang='grc'><strong>20,</strong></span> <span class='ocrx_word' id='word_1_320' title='bbox 725 3653 776 3716; x_wconf 88' lang='grc'><strong>45.</strong></span> <span class='ocrx_word' id='word_1_321' title='bbox 799 3653 850 3732; x_wconf 89' lang='grc'><strong>22,</strong></span> <span class='ocrx_word' id='word_1_322' title='bbox 873 3653 925 3716; x_wconf 89' lang='grc'><strong>49.</strong></span> <span class='ocrx_word' id='word_1_323' title='bbox 948 3653 999 3733; x_wconf 89' lang='grc'><strong>38,</strong></span> <span class='ocrx_word' id='word_1_324' title='bbox 1023 3654 1074 3718; x_wconf 87' lang='grc'><strong>83.</strong></span> <span class='ocrx_word' id='word_1_325' title='bbox 1098 3656 1137 3719; x_wconf 91' lang='lat' dir='ltr'><strong>de</strong></span> <span class='ocrx_word' id='word_1_326' title='bbox 1159 3676 1206 3718; x_wconf 91' lang='lat' dir='ltr'><strong>or.</strong></span> <span class='ocrx_word' id='word_1_327' title='bbox 1234 3659 1260 3735; x_wconf 91' lang='lat'><strong>1,</strong></span> 
     </span>
     <span class='ocr_line' id='line_1_34' title="bbox 119 3753 1260 3837; baseline 0.003 -19"><span class='ocrx_word' id='word_1_328' title='bbox 119 3755 171 3837; x_wconf 86' lang='grc'><strong>35,</strong></span> <span class='ocrx_word' id='word_1_329' title='bbox 198 3754 267 3818; x_wconf 84' lang='grc'><strong>162.</strong></span> <span class='ocrx_word' id='word_1_330' title='bbox 289 3755 342 3836; x_wconf 89' lang='grc'><strong>48,</strong></span> <span class='ocrx_word' id='word_1_331' title='bbox 363 3753 436 3817; x_wconf 90' lang='grc'><strong>210.</strong></span> <span class='ocrx_word' id='word_1_332' title='bbox 461 3754 513 3836; x_wconf 91' lang='grc'><strong>54,</strong></span> <span class='ocrx_word' id='word_1_333' title='bbox 536 3754 608 3817; x_wconf 90' lang='grc'><strong>231.</strong></span> <span class='ocrx_word' id='word_1_334' title='bbox 643 3753 694 3817; x_wconf 87' lang='lat' dir='ltr'><strong>ad.</strong></span> <span class='ocrx_word' id='word_1_335' title='bbox 717 3754 775 3828; x_wconf 81' lang='lat' dir='ltr'><strong>Qu.</strong></span> <span class='ocrx_word' id='word_1_336' title='bbox 798 3755 837 3818; x_wconf 88' lang='lat' dir='ltr'><strong>fr.</strong></span> <span class='ocrx_word' id='word_1_337' title='bbox 864 3758 890 3832; x_wconf 91' lang='grc'><strong>1,</strong></span> <span class='ocrx_word' id='word_1_338' title='bbox 916 3757 944 3837; x_wconf 90' lang='grc'><strong>1,</strong></span> <span class='ocrx_word' id='word_1_339' title='bbox 967 3757 996 3818; x_wconf 88' lang='lat'><strong>3.</strong></span> <span class='ocrx_word' id='word_1_340' title='bbox 1026 3755 1100 3819; x_wconf 89' lang='lat' dir='ltr'><strong>fam.</strong></span> <span class='ocrx_word' id='word_1_341' title='bbox 1123 3756 1154 3833; x_wconf 84' lang='lat'><strong>4,</strong></span> <span class='ocrx_word' id='word_1_342' title='bbox 1177 3758 1207 3835; x_wconf 89' lang='grc'><strong>9,</strong></span> <span class='ocrx_word' id='word_1_343' title='bbox 1230 3758 1260 3821; x_wconf 89' lang='grc'><strong>3.</strong></span> 
     </span>
     <span class='ocr_line' id='line_1_35' title="bbox 119 3856 523 3940; baseline 0.01 -22"><span class='ocrx_word' id='word_1_344' title='bbox 119 3857 148 3933; x_wconf 92' lang='grc'><strong>6,</strong></span> <span class='ocrx_word' id='word_1_345' title='bbox 170 3856 201 3940; x_wconf 90' lang='grc'><strong>6,</strong></span> <span class='ocrx_word' id='word_1_346' title='bbox 230 3857 363 3939; x_wconf 83' lang='grc' dir='ltr'><strong>121ομ</strong></span> <span class='ocrx_word' id='word_1_347' title='bbox 390 3858 416 3935; x_wconf 90' lang='lat'><strong>1,</strong></span> <span class='ocrx_word' id='word_1_348' title='bbox 439 3857 471 3939; x_wconf 89' lang='grc'><strong>4,</strong></span> <span class='ocrx_word' id='word_1_349' title='bbox 495 3857 523 3922; x_wconf 80' lang='grc'><strong>7.</strong></span> 
     </span>
    </p>

    <p class='ocr_par' dir='ltr' id='par_1_6' title="bbox 120 3957 1262 4246">
     <span class='ocr_line' id='line_1_36' title="bbox 204 3957 1261 4025; baseline 0.003 -4"><span class='ocrx_word' id='word_1_350' title='bbox 204 3961 234 4022; x_wconf 93' lang='grc'><strong>4.</strong></span> <span class='ocrx_word' id='word_1_351' title='bbox 258 3957 352 4021; x_wconf 86' lang='lat' dir='ltr'><strong>Auch</strong></span> <span class='ocrx_word' id='word_1_352' title='bbox 369 3957 1035 4023; x_wconf 80' lang='grc' dir='ltr'><strong>00001101000011110101001101111101οε</strong></span> <span class='ocrx_word' id='word_1_353' title='bbox 1057 3958 1118 4024; x_wconf 89' lang='lat' dir='ltr'><strong>deu</strong></span> <span class='ocrx_word' id='word_1_354' title='bbox 1136 3959 1261 4025; x_wconf 90' lang='lat' dir='ltr'><strong>Neben-</strong></span> 
     </span>
     <span class='ocr_line' id='line_1_37' title="bbox 120 4057 1262 4138; baseline 0.004 -16"><span class='ocrx_word' id='word_1_355' title='bbox 120 4063 188 4123; x_wconf 84' lang='lat' dir='ltr'><strong>satz</strong></span> <span class='ocrx_word' id='word_1_356' title='bbox 205 4058 401 4138; x_wconf 84' lang='lat' dir='ltr'><strong>beeiuflusst,</strong></span> <span class='ocrx_word' id='word_1_357' title='bbox 425 4061 553 4124; x_wconf 90' lang='lat' dir='ltr'><strong>werden</strong></span> <span class='ocrx_word' id='word_1_358' title='bbox 568 4060 602 4124; x_wconf 90' lang='lat' dir='ltr'><strong>in</strong></span> <span class='ocrx_word' id='word_1_359' title='bbox 618 4057 903 4124; x_wconf 74' lang='lat' dir='ltr'><strong>causalsetzen</strong></span> <span class='ocrx_word' id='word_1_360' title='bbox 926 4059 978 4123; x_wconf 93' lang='lat' dir='ltr'><strong>die</strong></span> <span class='ocrx_word' id='word_1_361' title='bbox 994 4060 1151 4125; x_wconf 70' lang='lat' dir='ltr'><strong>Grfrnde</strong></span> <span class='ocrx_word' id='word_1_362' title='bbox 1174 4063 1262 4126; x_wconf 91' lang='lat' dir='ltr'><strong>einer</strong></span> 
     </span>
     <span class='ocr_line' id='line_1_38' title="bbox 122 4159 1262 4246; baseline 0.004 -23"><span class='ocrx_word' id='word_1_363' title='bbox 122 4159 302 4244; x_wconf 89' lang='lat' dir='ltr'><strong>Handlung</strong></span> <span class='ocrx_word' id='word_1_364' title='bbox 324 4183 380 4224; x_wconf 84' lang='lat' dir='ltr'><strong>aus</strong></span> <span class='ocrx_word' id='word_1_365' title='bbox 403 4162 459 4226; x_wconf 89' lang='lat' dir='ltr'><strong>der</strong></span> <span class='ocrx_word' id='word_1_366' title='bbox 484 4160 761 4246; x_wconf 85' lang='lat' dir='ltr'><strong>Vergangenheit,</strong></span> <span class='ocrx_word' id='word_1_367' title='bbox 790 4161 840 4224; x_wconf 89' lang='lat' dir='ltr'><strong>die</strong></span> <span class='ocrx_word' id='word_1_368' title='bbox 868 4162 1076 4245; x_wconf 90' lang='lat' dir='ltr'><strong>allgemeiner</strong></span> <span class='ocrx_word' id='word_1_369' title='bbox 1098 4165 1160 4226; x_wconf 90' lang='lat' dir='ltr'><strong>Art</strong></span> <span class='ocrx_word' id='word_1_370' title='bbox 1180 4163 1262 4241; x_wconf 83' lang='lat' dir='ltr'><strong>sind,</strong></span> 
     </span>
    </p>
   </div>
   <div class='ocr_carea' id='block_1_4' title="bbox 121 4260 1417 4349">
    <p class='ocr_par' dir='ltr' id='par_1_7' title="bbox 121 4260 1417 4349">
     <span class='ocr_line' id='line_1_39' title="bbox 121 4260 1417 4349; baseline 0.001 -24"><span class='ocrx_word' id='word_1_371' title='bbox 121 4260 187 4325; x_wconf 87' lang='lat' dir='ltr'><strong>also</strong></span> <span class='ocrx_word' id='word_1_372' title='bbox 210 4261 311 4326; x_wconf 90' lang='lat' dir='ltr'><strong>durch</strong></span> <span class='ocrx_word' id='word_1_373' title='bbox 335 4261 563 4330; x_wconf 77' lang='lat' dir='ltr'><strong>dasPraeseus</strong></span> <span class='ocrx_word' id='word_1_374' title='bbox 585 4264 732 4346; x_wconf 84' lang='lat' dir='ltr'><strong>gegeben</strong></span> <span class='ocrx_word' id='word_1_375' title='bbox 748 4262 874 4325; x_wconf 88' lang='lat' dir='ltr'><strong>werden</strong></span> <span class='ocrx_word' id='word_1_376' title='bbox 890 4262 1016 4345; x_wconf 87' lang='grc'><strong>0011100,</strong></span> <span class='ocrx_word' id='word_1_377' title='bbox 1040 4264 1148 4349; x_wconf 76' lang='lat' dir='ltr'><strong>haufig</strong></span> <span class='ocrx_word' id='word_1_378' title='bbox 1162 4264 1260 4328; x_wconf 89' lang='lat' dir='ltr'><strong>durch</strong></span> <span class='ocrx_word' id='word_1_379' title='bbox 1326 4272 1330 4275; x_wconf 67' lang='lat'><strong>&#39;&#39;</strong></span> <span class='ocrx_word' id='word_1_380' title='bbox 1414 4303 1417 4310; x_wconf 67' lang='lat'><strong>.</strong></span> 
     </span>
    </p>
   </div>
   <div class='ocr_carea' id='block_1_5' title="bbox 122 4363 1261 4572">
    <p class='ocr_par' dir='ltr' id='par_1_8' title="bbox 122 4363 1261 4572">
     <span class='ocr_line' id='line_1_40' title="bbox 122 4363 1261 4448; baseline 0.004 -22"><span class='ocrx_word' id='word_1_381' title='bbox 122 4365 174 4427; x_wconf 90' lang='grc'><strong>010</strong></span> <span class='ocrx_word' id='word_1_382' title='bbox 196 4363 409 4427; x_wconf 88' lang='lat' dir='ltr'><strong>Praeteritum</strong></span> <span class='ocrx_word' id='word_1_383' title='bbox 431 4365 664 4448; x_wconf 80' lang='lat' dir='ltr'><strong>ausgedruckt:</strong></span> <span class='ocrx_word' id='word_1_384' title='bbox 688 4364 755 4429; x_wconf 83' lang='lat' dir='ltr'><strong>Cic.</strong></span> <span class='ocrx_word' id='word_1_385' title='bbox 771 4363 865 4428; x_wconf 80' lang='lat' dir='ltr'><strong>Tusc.</strong></span> <span class='ocrx_word' id='word_1_386' title='bbox 886 4368 946 4448; x_wconf 86' lang='lat'><strong>1,1</strong></span> <span class='ocrx_word' id='word_1_387' title='bbox 972 4369 1004 4429; x_wconf 92' lang='grc'><strong>01</strong></span> <span class='ocrx_word' id='word_1_388' title='bbox 1025 4388 1096 4431; x_wconf 78' lang='lat' dir='ltr'><strong>cum</strong></span> <span class='ocrx_word' id='word_1_389' title='bbox 1118 4368 1261 4430; x_wconf 90' lang='lat' dir='ltr'><strong>omnium</strong></span> 
     </span>
     <span class='ocr_line' id='line_1_41' title="bbox 122 4465 1261 4572; baseline 0.006 -47"><span class='ocrx_word' id='word_1_390' title='bbox 122 4466 253 4548; x_wconf 85' lang='lat' dir='ltr'><strong>artium,</strong></span> <span class='ocrx_word' id='word_1_391' title='bbox 283 4487 363 4548; x_wconf 88' lang='lat' dir='ltr'><strong>quae</strong></span> <span class='ocrx_word' id='word_1_392' title='bbox 391 4465 431 4527; x_wconf 92' lang='lat' dir='ltr'><strong>ad</strong></span> <span class='ocrx_word' id='word_1_393' title='bbox 452 4469 571 4528; x_wconf 88' lang='lat' dir='ltr'><strong>rectam</strong></span> <span class='ocrx_word' id='word_1_394' title='bbox 595 4467 721 4572; x_wconf 83' lang='lat' dir='ltr'><strong>vivendi</strong></span> <span class='ocrx_word' id='word_1_395' title='bbox 746 4466 827 4530; x_wconf 91' lang='lat' dir='ltr'><strong>viam</strong></span> <span class='ocrx_word' id='word_1_396' title='bbox 850 4468 1048 4549; x_wconf 85' lang='lat' dir='ltr'><strong>pertinerent</strong></span> <span class='ocrx_word' id='word_1_397' title='bbox 1069 4469 1261 4555; x_wconf 83' lang='lat' dir='ltr'><strong>(pertinent)</strong></span> 
     </span>
    </p>
   </div>
   <div class='ocr_carea' id='block_1_6' title="bbox 0 0 1509 5064">
    <p class='ocr_par' dir='ltr' id='par_1_9' title="bbox 0 0 1509 5064">
     <span class='ocr_line' id='line_1_42' title="bbox 0 0 1509 5064; baseline 0 0"><span class='ocrx_word' id='word_1_398' title='bbox 0 0 1509 5064; x_wconf 95' lang='lat' dir='ltr'><strong> </strong></span> 
     </span>
    </p>
   </div>
  </div>
 </body>
</html>
