2946 5062
253 1106 379 1178 Erstcr
410 1105 524 1178 Thcil.
581 1107 774 1179 (lebrauch
802 1107 867 1179 der
895 1108 1119 1181 Redetheile.

462 1419 487 1489 l.
543 1421 609 1489 llas
637 1420 907 1493 substantivum.

198 1571 222 1645 ἓ
246 1579 273 1629 1.
317 1575 588 1643 Appositionelle
605 1577 831 1646 Verbindung
853 1577 914 1633 dea
936 1579 1070 1633 Plurala
1091 1578 1152 1633 der
1167 1543 1254 1634 bon·

110 1674 209 1730 creta
223 1677 284 1732 mit
300 1677 379 1732 dem
395 1677 565 1744 Singular.
609 1669 706 1734 Cato
721 1693 747 1734 r.
764 1693 789 1735 r.
806 1671 827 1734 2
846 1671 986 1735 rationes
1008 1675 1122 1754 putare
1145 1693 1256 1755 argen-

110 1762 244 1852 tarium,
272 1771 516 1834 frumentariam
545 1771 704 1856 (dagegen
733 1772 879 1836 ebcndas.
902 1774 1059 1836 rationem
1083 1774 1256 1856 vinariam,

112 1859 272 1935 oleariam.

195 1972 270 2037 Cic.
294 1973 333 2036 de
356 1995 422 2036 sen.
445 1974 465 2036 9
488 1972 547 2038 On.
578 1979 611 2038 et
633 1975 668 2039 P.
692 1974 867 2057 Scipiones.
913 1975 1022 2040 deor.
1050 1978 1079 2053 1,
1110 1975 1200 2039 9Ti.
1225 1981 1257 2038 et

116 2060 146 2128 G·
175 2069 399 2157 Sempronios.
450 2074 541 2139 Brut.
564 2077 606 2140 26
633 2075 669 2140 L.
693 2079 725 2139 et
747 2075 802 2160 Sp.
826 2075 982 2140 Mummii.
1026 2076 1068 2139 46
1090 2076 1128 2150 Q.
1156 2080 1188 2139 et
1216 2076 1255 2139 D.

49 2174 57 2183 ‘
116 2160 234 2238 Valerii
256 2175 379 2240 Sorani.
420 2177 470 2241 69.
495 2200 527 2260 p.
550 2176 642 2241 Font.
679 2178 708 2241 7.
731 2177 799 2240 har.
829 2199 911 2261 resp.
941 2173 987 2240 Ι12
1009 2177 1070 2241 Gai
1104 2181 1137 2240 et
1160 2177 1257 2260 Appii

117 2265 323 2340 Glandiorum.
385 2276 427 2342 So
454 2279 506 2342 bei
537 2278 776 2364 Eigennamen3
809 2279 874 2364 vgl.
897 2279 928 2344 Ν
936 2300 1018 2357 eue,
1048 2278 1206 2342 Formenl.
1230 2277 1255 2359 Ι,

114 2364 227 2440 §.aar
248 2379 292 2462 fg.
309 2415 349 2425 -
365 2364 454 2443 noer
476 2379 557 2444 auch
581 2381 637 2444 aer
659 2379 811 2464 singular
833 2382 926 2464 equ:
949 2380 1031 2444 Pur
1055 2381 1084 2457 5,
1112 2381 1148 2443 u
1172 2380 1256 2464 legio

119 2467 234 2542 ltsrtia
254 2485 440 2564 quartaque.
496 2480 652 2567 Dagegen
676 2480 759 2544 Phil.
784 2482 815 2560 2,
837 2483 880 2546 39
909 2483 1070 2546 arationes
1093 2480 1258 2564 Campana

119 2575 142 2633 tt
166 2576 338 2645 Leontina.
384 2581 490 2646 Brut.
507 2605 558 2666 ap.
576 2583 642 2647 Cic.
666 2582 706 2645 ad
721 2584 796 2646 fam.
821 2578 871 2665 fl,
896 2583 936 2645 19
958 2587 1071 2667 quarta
1093 2587 1126 2645 et
1140 2582 1257 2646 Martia

120 2666 274 2757 legiones.
310 2683 418 2748 ans.
436 2683 466 2751 b.
483 2704 513 2768 g.
530 2685 559 2762 2,
576 2685 617 2748 23
639 2683 778 2768 legionis
800 2705 905 2748 nonae
928 2687 961 2746 et
983 2683 1132 2748 decimae.
1305 2681 1309 2684 ’

206 2780 294 2849 Sall.
317 2784 465 2849 Catilli
490 2785 526 2849 P.
549 2790 581 2848 et
603 2785 732 2850 Servius
748 2785 866 2851 Sullae.
910 2783 1004 2849 Dooh
1027 2785 1107 2849 auch
1122 2784 1200 2870 Jug.
1215 2785 1257 2849 42

124 2875 163 2938 Ti.
194 2887 226 2945 et
244 2885 279 2953 G.
303 2884 477 2950 Gracchus.

209 2981 280 3051 Liv.
300 2988 332 3071 4,
353 2988 395 3052 48
419 2987 525 3072 Spurii
547 2988 713 3053 Maecilius
736 2993 769 3053 el
783 2989 933 3056 Metilius.
956 2990 992 3072 4,
1015 2990 1066 3055 58.
1089 2990 1124 3067 6,
1148 2990 1198 3053 22.
1222 2991 1257 3070 6,

132 3079 162 3139 *ll
188 3079 223 3146 P.
242 3092 272 3152 et
293 3089 328 3152 [1.
352 3088 502 3154 Valeriis.
552 3091 583 3172 6,
606 3091 649 3155 30
671 3091 706 3154 P.
729 3095 762 3155 ct
777 3092 815 3156 G.
832 3090 955 3154 Manlii.
992 3091 1029 3172 6,
1052 3092 1094 3153 32
1117 3091 1153 3153 L.
1170 3094 1202 3154 et
1218 3092 1257 3154 G.

136 3178 282 3253 Quinctios
305 3190 525 3255 Cincinnatos.
575 3192 605 3274 6,
629 3191 670 3256 36
694 3192 729 3256 Ρ.
753 3196 786 3256 et
808 3192 847 3255 G.
865 3191 994 3255 Valerii.
1039 3191 1138 3255 Ibis:
1162 3194 1203 3255 A.
1227 3197 1260 3255 et

139 3275 175 3338 ll·
198 3284 335 3356 Cornelii.
388 3294 435 3375 10,
452 3294 494 3357 23
517 3293 577 3356 Gn.
602 3296 635 3356 et
656 3291 693 3368 Q.
710 3294 843 3377 Ogulnii
866 3293 983 3357 aediles
1006 3293 1141 3356 curules.
1185 3292 1259 3356 Und

142 3384 260 3454 scurror
285 3393 337 3458 bei
360 3394 599 3478 Eigennamen,
629 3393 712 3458 doch
734 3395 817 3459 auch
840 3395 887 3459 als
909 3393 1065 3458 Varianis
1087 3396 1117 3477 6,
1140 3395 1181 3458 22
1204 3393 1258 3479 Sp.

142 3479 207 3546 uu.
221 3488 367 3578 Papirius.
410 3493 591 3580 Uebrigens
613 3496 714 3580 pflegt
728 3518 762 3560 er
783 3498 844 3560 den
866 3494 1049 3580 gleichen
1072 3496 1259 3561 Vornamen

143 3590 393 3689 uniuersum
426 3600 470 3679 (s.
500 3597 682 3661 Alschefski
711 3621 749 3661 au
780 3600 827 3679 10,
861 3600 887 3681 1,
916 3599 953 3683 7)
993 3598 1058 3661 und
1088 3599 1259 3662 danudon

143 3676 268 3767 Singular
288 3721 327 3762 zu
350 3703 468 3764 setzen.

210 3794 362 3864 Acholich
384 3801 435 3864 bei
457 3800 748 3885 Appellativis:
781 3804 829 3884 10,
855 3802 893 3864 18
917 3823 988 3864 cum
1008 3800 1189 3886 legionibus
1212 3823 1259 3865 se-

143 3887 228 3956 cunda
246 3921 276 3965 ac
291 3903 390 3965 tertia
412 3902 468 3986 (al.
491 3903 643 3987 legione).
691 3903 738 3980 10,
760 3903 800 3966 27
816 3903 951 3986 primam
968 3924 1005 3966 ac
1020 3903 1147 3966 tertiam
1161 3903 1258 3986 legio-

142 4001 188 4047 nes
205 3993 254 4075 (al.
273 4005 458 4089 legionem).
502 4004 554 4084 40,
570 4007 608 4068 41
634 4004 738 4087 prima
759 4010 792 4068 et
813 4005 909 4068 tertia
928 4004 1067 4088 legione.
1111 4004 1159 4067 lb.
1182 4008 1212 4085 ξ.
1228 4006 1257 4069 3.

145 4083 237 4164 10,41
264 4128 383 4171 cornua
405 4106 551 4170 dextrum
581 4107 620 4170 ad
643 4111 757 4189 castra,
783 4107 909 4169 laevum
938 4105 979 4180 ad
1007 4108 1118 4171 urbem
1147 4107 1260 4170 tendit.

143 4183 225 4269 2922·
249 4206 296 4291 23,
316 4209 359 4272 29
387 4208 421 4271 in
444 4209 594 4272 cornibus
624 4209 734 4272 dextro
757 4207 882 4271 Poenos
910 4207 1009 4290 locat,
1038 4208 1128 4272 laevo
1152 4209 1260 4272 Afros.

144 4286 186 4370 23,
200 4296 243 4365 33.
264 4310 313 4390 24,
332 4310 375 4373 20
389 4314 572 4374 terrestrem
587 4310 797 4391 navalemque
813 4309 970 4373 exercitus
985 4309 1042 4394 (al.
1060 4311 1260 4392 exercitum).

147 4387 250 4487 0124,
270 4410 317 4475 22.
352 4413 404 4493 29,
430 4412 482 4474 22.
520 4413 572 4495 30,
599 4413 651 4476 39.
685 4412 736 4493 22,
762 4412 803 4474 23
837 4410 921 4473 inter
953 4409 1048 4475 duces
1082 4411 1261 4475 Romanum

190 4504 308 4571 Bressos,
321 4521 400 4563 hiatur.
414 4522 502 4571 syntax
517 4522 538 4561 d.
553 4524 594 4564 lat.
608 4524 658 4571 Spr.
674 4523 692 4564 1.
719 4524 739 4562 2.
754 4520 814 4560 suu.
1044 4518 1057 4564 l
