2948 5048
594 333 821 396 -2‘21-

66 457 132 545 2>
175 487 210 549 <l
228 508 293 551 non
316 488 403 551 enim
425 491 490 551 tarn
511 487 622 568 timeo,
645 486 719 569 quid
742 490 777 549 tu
800 486 838 549 de
860 507 936 571 rege
959 487 1109 553 Deiotaro
1132 489 1280 575 (iudices)

64 579 232 651 quam
253 588 414 672 intelligo,
437 588 512 673 quid
535 588 574 652 de
595 591 628 652 te
650 591 771 651 ceteros
787 587 865 652 velis
888 589 1036 653 iudicare.
1074 590 1113 654 de
1132 612 1179 655 or.
1197 593 1224 670 1,
1241 592 1283 655 60

60 677 215 752 ¹²an
235 689 320 772 quod
344 689 423 754 dicis
445 692 640 754 senectutem
663 712 682 753 a
704 689 875 754 solitudine
902 690 1057 755 vindicari
1079 691 1157 755 iuris
1180 693 1283 756 civilis

59 779 284 873 Seioua,
318 789 452 855 fortasse
486 791 583 854 etiam
619 791 775 874 pecuniae
807 792 1030 876 magnitudine
1063 792 1281 878 (vindicatur).

58 860 224 956 Lan.
252 893 282 971 2,
305 893 337 975 4,
358 892 400 956 24
428 895 536 977 potest
562 892 593 956 id
621 892 671 956 vel
699 914 773 957 casu
796 895 963 977 accidisse,
993 893 1078 978 quod
1100 893 1279 977 aliquando,

54 983 204 1058 ¹¹0n
237 1015 364 1078 semper
391 993 547 1079 (accidit).
597 991 663 1058 Der
691 994 937 1077 Oonjunctiv
964 996 1008 1058 ist
1040 1017 1079 1058 ιιι
1107 999 1281 1077 erginzen:

61 1071 204 1162 Qic.
234 1097 297 1164 dir.
328 1099 356 1178 1,
379 1097 419 1161 51
448 1095 593 1178 profecto
621 1094 804 1160 hominibus
832 1118 852 1159 a
880 1096 942 1159 diis
972 1095 1079 1160 futura
1106 1096 1281 1180 significari

56 1190 267 1264 llecesse
289 1201 347 1276 est,
371 1197 426 1260 sed
448 1196 709 1281 distinguendum
730 1196 864 1275 videtur,
888 1218 1028 1280 quonam
1050 1197 1145 1261 modo
1168 1198 1282 1282 (signi-

60 1277 298 1384 ficentur).
348 1300 417 1362 Aua
451 1298 522 1363 dem
550 1297 613 1362 Inf.
640 1297 757 1362 futuri:
784 1302 863 1362 orat.
892 1303 920 1379 §.
944 1299 985 1364 88
1020 1320 1149 1363 usurum
1177 1336 1217 1347 —-
1246 1303 1282 1363 ut

62 1397 193 1467 nec
218 1401 315 1466 nimis
338 1400 498 1484 frequenti
522 1403 579 1483 (sc.
603 1403 724 1479 utatur)
747 1421 807 1464 nec
830 1403 885 1464 ott.
931 1399 1125 1486 Verdiicbtig
1146 1401 1190 1464 ist
1211 1400 1282 1464 Liv.
1374 1436 1378 1446 ·

67 1485 184 1600 34,
208 1504 264 1586 31,
289 1505 301 1564 l
327 1502 373 1566 ibi
394 1501 549 1584 permisso
572 1504 616 1584 ut,
638 1522 694 1565 seu
716 1502 820 1567 dicere
842 1502 930 1586 prius
952 1523 1007 1566 seu
1030 1502 1139 1566 audire
1161 1501 1281 1584 mallet,

69 1601 177 1669 lta
203 1604 313 1687 coepit
337 1607 504 1687 tyrannus.
550 1601 595 1667 us
618 1603 661 1667 ist
683 1626 721 1668 zu
743 1603 834 1686 hart,
863 1604 932 1669 hier
959 1602 1101 1668 nachot
1125 1603 1177 1667 die
1199 1603 1281 1669 con-

61 1689 104 1774 j
121 1706 281 1772 uncti've
313 1705 453 1789 (audiret
484 1707 540 1768 aut
571 1704 706 1790 diceret)
734 1728 773 1768 ιιι
807 1709 982 1789 ergdnzen5
1017 1703 1170 1776 vielmehr
1201 1705 1281 1768 wird

78 1809 192 1872 nait
214 1806 327 1871 Duker
349 1806 404 1870 das
426 1812 461 1871 ut
482 1828 521 1869 ιιι
550 1805 710 1870 streichen
733 1807 812 1871 sein.
855 1806 948 1870 Eben
970 1828 1005 1871 so
1027 1806 1102 1899 Taq.
1131 1828 1206 1870 ann.
1233 1807 1281 1882 13,

83 1901 169 1974 57
196 1929 304 1991 neque
331 1907 475 1992 extingui
503 1909 669 1991 poterant,
697 1929 763 1972 non
786 1908 812 1970 si
835 1908 953 1972 imbres
976 1908 1138 1986 caderent,
1167 1927 1232 1970 non
1254 1908 1281 1969 si

89 2008 318 2075 fluvialibus
346 2010 435 2093 aquis
462 2015 518 2073 aut
544 2030 607 2092 quo
635 2009 698 2073 alio
728 2009 871 2074 humore.
915 2008 995 2072 Hier
1021 2008 1065 2071 ist
1092 2006 1149 2071 das
1171 2008 1282 2071 zweite

92 2116 158 2177 sa·
188 2134 230 2176 ιι
258 2111 376 2196 tilgen,
408 2108 557 2194 obgleich
586 2110 685 2174 esim
708 2108 870 2175 Mediceus
899 2109 995 2174 steht.
1027 2147 1065 2156 —
1094 2107 1185 2172 Weit
1213 2130 1279 2172 ver·

104 2211 337 2277 standlicher
362 2211 406 2275 ist
435 2211 486 2274 die
512 2210 635 2295 Ellipse
668 2211 719 2275 bei
748 2210 858 2294 Nepos
886 2211 917 2293 4,
939 2213 970 2289 5,
994 2212 1015 2275 5
1042 2210 1131 2274 cuius
1164 2211 1282 2274 mortui

112 2320 254 2398 corpus
276 2334 348 2378 cum
377 2312 487 2377 eodem
508 2313 657 2376 nonnulli
680 2312 822 2377 dicerent
843 2312 954 2376 inferri
982 2316 1142 2396 oportere,
1171 2333 1233 2395 quo
1255 2313 1277 2374 ii

111 2414 362 2499 (inferrentur)
390 2414 444 2498 qui
472 2414 512 2478 ad
540 2412 731 2497 supplicium
754 2417 861 2478 essent
883 2414 963 2492 dati,
996 2413 1158 2497 displicuit
1185 2412 1280 2495 pluri-

116 2516 205 2580 bus.
244 2515 355 2581 Selten
382 2515 426 2579 ist
446 2514 497 2579 die
519 2514 641 2598 Ellipse
664 2536 705 2579 an
728 2517 860 2580 erster
882 2514 995 2598 Stelle,
1026 2516 1086 2578 wie
1108 2514 1194 2579 Suet.
1217 2512 1281 2581 Tit.

123 2619 156 2680 9
178 2618 314 2682 fratrem
335 2653 377 2665 -
404 2638 464 2680 nec
492 2616 635 2681 occidere
663 2638 765 2702 neque
793 2638 946 2700 seponere
974 2638 1011 2681 ac
1033 2639 1074 2680 ue
1095 2616 1130 2679 in
1157 2615 1281 2678 minore

131 2719 265 2802 quidem
288 2719 407 2783 honore
428 2717 546 2783 habere
568 2717 734 2796 sustinuit,
757 2718 822 2800 sed,
845 2722 882 2782 ut
902 2709 922 2782 a
944 2719 1048 2802 primo
1069 2716 1195 2801 imperii
1218 2717 1280 2800 die,

136 2824 320 2885 consortem
342 2840 617 2904 successoremque
638 2819 751 2883 testari
772 2819 994 2903 perseveravit.

222 2921 304 2987 Sehr
333 2920 451 2984 beliebt
472 2921 515 2984 ist
542 2920 593 2984 die
614 2919 816 3006 Erginzung
842 2922 929 2985 eines
952 2920 1189 2985 lufinitivus
1212 2919 1281 3005 (ge-

141 3021 299 3087 uohnlich
321 3022 366 3086 im
382 3022 551 3107 Praesens)
574 3043 642 3085 aus
665 3021 793 3086 ciuem
814 3021 1087 3105 Hauptmodus
1109 3021 1175 3086 und
1198 3043 1283 3085 zwar

141 3125 276 3188 seltener

74 3286 92 3291 -
224 3248 254 3289 α.
277 3225 329 3289 bei
352 3225 639 3296 coordinirtcm
662 3221 941 3289 Satzverhiiltniss:
965 3222 1031 3288 Cic.
1053 3232 1091 3307 p.‘
1108 3224 1217 3291 Planc.
1240 3226 1283 3289 25

141 3348 195 3390 our
216 3328 277 3391 iate
299 3326 336 3390 fit
357 3326 494 3391 consul?
520 3327 595 3410 quid
618 3326 726 3410 potuit
752 3326 889 3409 amplius
912 3324 1035 3410 (fieri)?
1079 3324 1161 3389 Phil.
1185 3323 1216 3405 2,
1238 3325 1280 3387 29

142 3450 180 3492 au
203 3429 273 3492 sine
295 3449 346 3492 me
372 3427 426 3491 ille
449 3427 546 3492 vicit?
592 3428 636 3491 At
657 3449 699 3491 ne
727 3428 832 3511 potuit
853 3426 981 3511 quidem
1003 3425 1174 3510 (vincere).
1218 3425 1280 3489 div.

142 3531 170 3612 2,
192 3529 235 3598 24
256 3528 332 3613 quid
361 3550 421 3613 ego
448 3527 652 3611 haruspicum
679 3550 834 3613 responsa
863 3549 1107 3594 commemorem
1136 3525 1280 3611 (possum

142 3630 285 3714 equidem
318 3629 591 3714 innumerabilia).
647 3629 740 3695 Tusc.
768 3632 802 3712 3,
821 3631 894 3713 4,7
928 3651 1009 3713 quae
1043 3627 1156 3693 Graeci
1189 3624 1283 3709 πάθη

142 3732 320 3816 appellant;
349 3751 409 3815 ego
436 3734 580 3815 poteram
607 3731 744 3795 morbos.
782 3753 831 3815 ep.
854 3730 894 3796 ad
917 3729 1006 3793 Brut.
1033 3731 1060 3811 1,
1082 3729 1103 3793 3
1130 3727 1212 3792 nihil
1234 3733 1283 3791 est

141 3833 172 3896 in
203 3855 253 3898 me
281 3833 393 3914 inane,
424 3853 526 3916 neque
554 3833 639 3897 enim
667 3832 762 3896 debet
783 3832 894 3918 (esse).
937 3831 1029 3894 Tusc.
1055 3832 1083 3911 1,
1110 3829 1148 3893 16
1175 3829 1283 3911 itaque

143 3935 232 3998 credo
262 3934 407 4018 equidem
440 3934 536 3998 etiam
564 3934 643 3998 alios
675 3936 726 3999 tot
754 3933 868 3998 seculis
899 3931 1061 4016 (dixisse),
1094 3930 1166 4014 sed,
1198 3931 1282 4014 quod

142 4034 257 4099 litteris
285 4038 389 4099 exstet
415 4034 592 4119 proditum,
621 4034 825 4119 Pherecydes,
841 4034 951 4117 Syrius
974 4032 1096 4116 primus
1124 4031 1205 4095 dixit
1227 4034 1282 4095 ott.

143 4134 229 4204 Lucr.
256 4137 288 4219 5,
313 4137 354 4201 36
386 4159 448 4221 quo
474 4156 578 4219 neque
611 4141 720 4199 noster
747 4135 815 4199 adit
841 4135 1009 4218 quisquam
1037 4154 1098 4197 uec
1129 4132 1284 4197 barbarus

143 4237 235 4301 audet
263 4236 392 4322 (adire).
436 4237 511 4302 Tac.
541 4258 617 4300 ann.
649 4239 699 4319 15,
721 4238 760 4301 ll
791 4235 879 4300 exuti
906 4235 1023 4301 dehinc
1049 4234 1215 4298 tribunatu
1242 4272 1283 4281 -

143 4340 227 4421 quasi
244 4338 423 4422 principem
438 4360 505 4403 non
520 4338 646 4421 quidem
662 4337 814 4420 odissent,
831 4337 886 4401 sed
901 4340 1011 4403 tamen
1026 4337 1285 4402 existimarentur

145 4439 283 4523 (odisse).
329 4439 417 4505 Lact.
443 4443 472 4523 1,
486 4441 554 4523 9,4
576 4460 657 4522 quae
679 4439 733 4502 ille
755 4459 813 4502 nec
835 4438 914 4504 fecit
934 4462 1076 4526 unquam
1098 4460 1158 4503 nec
1180 4437 1284 4521 potuit
