3000 5054
724 318 762 327 -
807 278 869 341 aas
915 229 973 324 -i

265 435 374 500 eadem
389 435 497 499 fidelia
512 431 667 496 dealbare.
705 430 770 495 Oia.
793 434 873 494 orat.
892 431 931 493 15
947 430 1191 495 declamatorem
1215 431 1359 516 aliquem
1379 434 1421 498 de

265 537 338 601 ludo
353 539 409 601 aut
423 536 568 600 rabulam
585 535 624 597 de
639 533 720 597 foro.
758 531 822 596 div.
838 532 879 596 55
895 553 1001 595 remex
1017 531 1072 596 ille
1087 532 1126 596 de
1142 532 1245 598 classe
1261 534 1419 619 Coponii.

349 637 470 723 H'aufig
492 634 679 700 bezeichnet
700 655 767 697 nun
790 634 827 697 de
842 633 901 696 mit
922 632 1025 696 einem
1040 632 1168 698 Nomen
1190 634 1248 698 das
1265 635 1418 717 Ganze,

264 762 327 804 von
344 739 495 804 welchem
512 738 563 802 ein
580 735 694 799 Theil
711 738 918 799 entnommen
934 735 985 817 ist,
1009 755 1044 798 so
1064 734 1137 798 dass
1153 757 1186 799 es
1201 736 1236 800 in
1252 738 1420 804 manahen

267 841 377 905 1161161
399 841 466 905 und
492 837 691 904 namentlich
720 837 764 901 im
788 834 966 920 Spiitlatein
989 835 1050 900 den
1078 837 1252 921 partitiven
1276 839 1418 906 Genetiv

266 946 402 1009 vertritt.
453 942 557 1007 Plaut.
586 938 703 1004 Bacch.
737 938 778 1003 98
811 937 918 1002 faeere
935 942 1111 1022 sumptum
1141 939 1180 1004 de
1212 945 1279 1006 tuo.
1325 942 1417 1008 Men.

267 1045 327 1110 149
355 1043 466 1128 ecquid
497 1043 593 1106 audes
621 1042 660 1104 de
682 1043 737 1104 tuo
766 1039 850 1103 istuc
878 1038 1002 1105 addere.
1046 1040 1141 1105 Eben
1163 1064 1216 1108 so:
1241 1041 1280 1107 de
1305 1048 1417 1109 vostro

264 1147 377 1228 vivito,
406 1146 444 1209 de
466 1167 537 1208 mea
560 1142 710 1228 pecunia,
739 1141 787 1205 nil
814 1141 960 1225 gustabit
989 1142 1027 1205 de
1049 1163 1131 1208 meo,
1176 1143 1265 1208 Trin.
1289 1145 1355 1210 349
1378 1147 1418 1210 de

265 1247 392 1331 magnis
415 1246 534 1310 divitiis
556 1246 584 1308 si
607 1244 682 1328 quid
704 1243 823 1306 demas.
861 1243 925 1307 415
947 1244 974 1307 61
997 1243 1038 1307 (16
1061 1245 1221 1310 damnosis
1243 1249 1301 1310 aut
1322 1247 1352 1310 si
1377 1247 1416 1311 (16

264 1349 459 1414 amatoribus
482 1347 620 1411 dictator
642 1346 709 1409 fiat.
747 1344 851 1410 Schou
876 1345 910 1409 in
933 1345 1035 1409 dieser
1058 1346 1144 1410 alten
1161 1345 1233 1410 Zeit
1254 1351 1336 1412 statt
1360 1350 1416 1412 des

266 1449 435 1533 Genetivs3
458 1472 484 1514 s.
508 1448 540 1514 S.
563 1448 637 1530 459,
663 1448 709 1512 10.

348 1551 416 1616 Seit
445 1550 501 1615 der
527 1549 728 1614 klassischen
750 1548 834 1613 Zeit:
862 1550 952 1614 homo
974 1552 1011 1615 de
1027 1551 1117 1633 plebe
1139 1551 1251 1635 „einer
1273 1574 1331 1616 aus
1356 1553 1415 1617 der

263 1651 394 1720 Plebs.“
446 1651 511 1718 Cic.
541 1650 630 1718 Bmt.
663 1650 702 1714 l4
730 1651 770 1714 de
804 1651 897 1734 plebe
930 1652 1094 1716 consulem
1121 1674 1187 1716 161
1222 1654 1415 1737 accipiebat.

265 1753 332 1818 biv.
361 1754 391 1833 6,
413 1754 457 1816 42
485 1753 521 1817 1..
567 1750 694 1816 Sextius
728 1751 766 1814 de
794 1774 825 1835 p.
855 1754 977 1836 primus
1005 1754 1117 1820 consul
1151 1754 1265 1819 factus.
1315 1756 1346 1833 ’1,
1375 1757 1415 1820 l‘l

265 1854 406 1919 dictator
427 1854 462 1919 C.
486 1853 626 1919 Marcius
657 1852 785 1917 Rutilus
813 1856 935 1937 primus
963 1855 1001 1919 de
1024 1855 1117 1939 plebe
1146 1855 1262 1920 dictus.
1310 1857 1417 1936 (Aber

264 1956 295 2036 6,
320 1958 361 2020 37
392 1977 430 2021 ex
463 1955 581 2040 plebe.)
631 1954 762 2019 Sodann
794 1956 828 2019 in
863 1957 1112 2042 mannigsaehen
1146 1957 1415 2044 Verbinduugen,

263 2056 463 2124 namentlich
502 2057 553 2121 bei
587 2055 1012 2144 Zahlbestimmungen
1053 2059 1117 2123 und
1154 2059 1417 2126 indefinitem

264 2159 492 2224 Pronomen.
538 2156 614 2223 Cic.
638 2157 732 2227 Rosc.
756 2161 828 2224 Am.
856 2161 1084 2225 3516111
1113 2165 1145 2225 et
1166 2161 1274 2226 decem
1302 2162 1417 2228 fundis

263 2266 329 2326 tres
361 2262 577 2326 nobilissimos
612 2261 728 2325 fundos
757 2283 829 2326 eum
858 2262 948 2326 video
976 2263 1146 2346 possidere.
1187 2263 1222 2327 in
1249 2264 1364 2328 Vatin.
1396 2267 1416 2329 ’1

263 2365 302 2427 (16
333 2363 449 2447 quihus
483 2363 562 2427 (1166
596 2362 691 2426 videt.
737 2363 799 2430 div.
832 2366 858 2445 l,
880 2364 921 2427 41
956 2365 995 2428 de
1025 2364 1206 2448 principum
1239 2364 1315 2428 filiis
1350 2388 1417 2435 sex.

263 2465 347 2549 legg.
369 2467 401 2548 3,
425 2466 443 2528 'l
473 2464 608 2547 aliquem
633 2465 671 2528 de
693 2463 806 2532 tribus.
851 2463 943 2528 Mehr
965 2465 1089 2530 Stellen
1118 2488 1174 2530 aus
1204 2464 1316 2531 Cicero
1347 2468 1416 2532 und

264 2567 404 2630 anderen
436 2565 496 2629 mit
521 2587 623 2649 naus,
656 2567 755 2643 66166,
784 2567 916 2648 aliquis,
947 2568 1129 2652 quisquam,
1158 2589 1262 2651 nemo,
1292 2570 1414 2652 161116,

262 2668 362 2749 nihil,
396 2668 543 2733 nonnulii
571 2689 606 2731 so
640 2668 700 2732 wie
732 2667 793 2731 mit
821 2666 940 2732 Zahlen
974 2669 1038 2733 und
1066 2669 1288 2753 Superlativen
1323 2693 1351 2740 s.
1381 2671 1415 2737 S.

262 2768 338 2850 459,
363 2769 411 2833 10.
436 2806 474 2816 -
499 2768 733 2834 Aushivius
755 2769 799 2833 ist
819 2770 902 2834 noch
925 2769 1138 2834 anzufdhren:
1162 2771 1219 2855 25,
1241 2771 1285 2835 22
1306 2771 1415 2839 (16661-

265 2873 351 2934 tores
385 2870 424 2934 de
458 2872 598 2952 exercitu
632 2870 791 2935 volonum.
842 2871 935 2954 21,3
963 2871 1051 2937 mille
1084 2873 1203 2937 milites
1236 2874 1276 2938 (16
1309 2895 1416 2940 61616

265 2972 396 3035 urban0.
441 2972 494 3055 21,
516 2973 559 3037 43
581 2972 620 3037 (16
642 2976 711 3037 1616
735 2973 875 3036 exercitu
897 3010 939 3021 -
961 2974 1045 3057 quod
1068 2974 1194 3039 roboris
1217 2979 1303 3059 erat,
1329 2977 1416 3041 dele·

264 3072 323 3156 git.
360 3075 391 3157 4,
406 3072 448 3136 46
464 3076 496 3137 61
510 3074 593 3158 quod
618 3074 702 3139 circa
723 3074 846 3138 roboris
867 3075 906 3138 (16
927 3096 1027 3139 61616.
1065 3074 1136 3139 fuit.
1155 3076 1205 3160 29,
1220 3077 1263 3142 36
1281 3077 1414 3142 ducenti

265 3173 304 3237 de
332 3196 436 3242 61616.
466 3175 637 3244 interfecti.
674 3176 726 3259 30,
752 3177 791 3240 18
819 3175 881 3240 duo
910 3176 999 3240 milia
1021 3178 1054 3241 61
1080 3178 1216 3242 trecenti
1245 3179 1284 3243 de
1306 3201 1415 3249 exerc.

262 3277 419 3358 praetoris
443 3314 480 3323 —
505 3277 624 3341 amissi.
667 3278 720 3360 33,
744 3277 785 3342 36
808 3277 930 3341 tribuni
953 3278 991 3341 de
1013 3278 1141 3364 legione
1163 3280 1313 3344 secunda.
1359 3283 1415 3363 35,

262 3376 305 3441 30
332 3378 385 3440 vix
414 3381 528 3462 quarta
552 3398 632 3461 pers
659 3380 696 3443 dc
724 3384 784 3444 1616
813 3401 914 3444 exerc.
944 3380 1054 3448 evasit.
1099 3381 1151 3473 40,
1173 3381 1216 3446 48
1238 3382 1284 3467 ,(16
1307 3403 1415 3449 61616.

263 3476 409 3542 Romano
432 3482 561 3543 centum
584 3501 698 3545 novem
721 3481 910 3545 ceciderant.

347 3579 421 3643 Wie
450 3580 600 3664 Plautus,
631 3581 826 3646 bezeichnen
854 3582 934 3648 auch
958 3583 1124 3647 Klassiker
1150 3583 1216 3648 und
1244 3583 1323 3668 Spp.
1354 3587 1415 3650 das

236 3678 1417 3772 ,1111161161611616111606166661666196116161

263 3779 379 3845 durch:
409 3782 447 3845 (16
470 3804 553 3862 meo,
576 3787 640 3864 116,
664 3807 737 3865 616,
761 3789 876 3869 vestro,
899 3786 1043 3870 publice,
1067 3788 1181 3853 alieno.
1227 3787 1292 3853 cio.
1317 3788 1415 3855 Verr.

264 3883 294 3965 3,
317 3884 360 3946 44
382 3904 449 3948 non
472 3885 566 3949 modo
588 3887 622 3950 in
644 3886 787 3971 publico,
811 3888 864 3951 sed
888 3888 984 3952 etiam
1007 3888 1045 3953 de
1068 3912 1098 3973 p.
1122 3890 1295 3954 convivari.
1342 3890 1416 3958 hir.

264 3985 291 4065 l,
314 3984 357 4048 20
384 3983 568 4051 Vestalibus
596 3988 791 4072 stipendium
819 3989 858 4054 (16
887 4012 916 4074 p.
948 3991 1069 4056 statuit.
1115 3992 1144 4069 2,
1170 3992 1209 4056 16
1239 3992 1333 4076 dep.
1364 4004 1418 4063 est

263 4085 364 4149 elatus
393 4085 465 4170 (auf
486 4086 707 4155 Staatskosten
733 4091 923 4176 begrabeu).
968 4093 999 4176 4,
1021 4094 1063 4159 59
1089 4092 1287 4178 stipendium
1317 4097 1359 4164 de
1381 4123 1416 4185 p.

263 4186 415 4270 accipere.
462 4190 513 4266 22,
536 4191 579 4253 60
600 4192 741 4275 captivos
764 4193 803 4256 de
825 4216 856 4277 p.
879 4193 1043 4259 redimere.
1090 4195 1139 4279 10,
1159 4195 1201 4259 46
1224 4196 1264 4260 (16
1288 4201 1418 4287 reliquo

264 4307 345 4365 aere,
369 4289 408 4352 de
430 4291 601 4355 manubiis.
639 4292 749 4378 Nepos
770 4296 800 4372 3,
816 4296 846 4378 3,
862 4296 882 4359 3
898 4295 936 4360 (16
959 4298 1120 4361 communi
1143 4298 1267 4362 aerario
1283 4302 1420 4371 dotibus

262 4387 355 4452 datis.
393 4389 496 4473 Capit.
515 4391 610 4456 Gord.
633 4396 654 4456 4
676 4396 714 4458 de
736 4398 876 4481 proprio.
