2948 5048
540 63 876 203 4251-¹

24 258 207 343 wendig
229 281 275 340 sn,
300 280 395 323 wenn
418 258 474 322 der
487 257 648 322 Finalsatz
670 277 731 321 von
754 257 858 321 einem
874 257 1120 321 vermittelnden
1138 255 1223 321 Perf.

24 354 220 443 logicum
248 360 410 445 abhdngt:
443 360 538 424 verr.
566 360 602 441 5,
633 359 671 422 19
693 358 784 442 quid,
812 360 840 422 si
867 358 1020 423 eiusmodi
1048 379 1117 422 esse
1145 357 1225 422 haee

24 458 134 524 duo
160 461 296 526 foedera
318 461 449 525 duorum
472 460 679 544 populorum,
707 459 842 539 iudices,
866 461 977 541 donee,
1000 463 1036 523 ut
1055 457 1227 524 Taurome-

24 563 201 626 nitanis
224 564 416 627 nominatim
439 567 566 627 cautum
590 564 622 626 et
645 566 811 646 exceptum
833 562 876 626 sit
898 561 1026 625 foedere
1048 582 1089 624 ne
1111 579 1225 624 navem

24 662 150 727 dare
175 666 310 730 debeant
331 667 387 729 ctt.
414 687 455 748 .p.
481 664 582 727 Betbo
606 665 660 745 12,
681 664 735 728 3ος
778 662 872 728 Tuse.
898 666 927 743 1,
949 663 991 727 49
1013 662 1041 726 si
1063 662 1138 746 quid
1159 663 1225 725 tete

24 764 235 829 meiderit
259 773 296 830 ut
323 767 427 830 adeo
456 765 678 830 denuntiatum
706 763 852 829 videatur
878 769 916 829 ut
942 783 1088 830 exeam
1110 786 1126 828 e
1149 765 1224 828 vite.

24 866 72 928 f
68 888 154 929 am.
184 868 211 945 l,
235 865 266 946 2,
287 867 310 930 4
332 867 392 931 hoe
420 867 563 931 videmur
585 887 654 930 esse
675 867 837 930 consecuti
850 871 894 931 nt
914 887 955 930 ne
978 866 1052 950 quid
1076 866 1130 949 agi
1153 886 1224 930 eum

29 967 201 1051 populo
229 972 286 1032 sut
312 968 408 1032 salvis
436 968 586 1051 auspiciis
614 970 670 1031 eut
696 967 794 1031 salvis
821 968 946 1052 legibus
977 1004 1013 1014 -
1042 968 1154 1051 possit.
1183 1004 1224 1013 —

34 1068 301 1154 Nothwendig
322 1071 366 1134 ist
384 1068 467 1134 auch
488 1070 544 1133 des
567 1067 762 1133 Praesens
784 1071 867 1133 nach
889 1070 979 1134 einer
1001 1068 1224 1146 Perfeetform,

40 1172 127 1235 die
160 1172 214 1234 fer
235 1172 292 1235 des
316 1171 398 1236 Fut.
421 1173 596 1236 exactum
619 1169 676 1233 der
696 1168 837 1234 directen
861 1169 948 1234 Rede
970 1171 1071 1234 steht:
1102 1171 1171 1232 Ate
1196 1171 1225 1246 7,
1356 1154 1360 1164 ¹

43 1274 104 1355 9,
130 1273 154 1335 2
178 1277 235 1337 ant
255 1277 341 1355 tum,
365 1294 436 1338 eum
460 1273 598 1336 comitiis
621 1309 661 1319 -
683 1274 720 1334 ut
741 1293 758 1335 e
779 1272 850 1355 lege
871 1273 954 1336 ratio
976 1269 1144 1349 habeatur,
1168 1271 1224 1334 im-

51 1379 251 1458 petraeum*
270 1395 337 1439 non
364 1375 407 1438 sit
433 1374 564 1453 (directe
586 1373 687 1438 Rede:
717 1394 789 1437 eum
817 1374 1022 1457 impetratum
1050 1393 1117 1437 non
1140 1372 1223 1454 erit).

59 1477 107 1556 7,
136 1476 187 1553 15,
209 1477 231 1538 2
251 1475 308 1539 sed
338 1480 447 1540 tamen
474 1477 521 1540 sit
548 1476 582 1539 in
611 1477 723 1539 senatu
751 1495 785 1538 se
807 1473 917 1539 adesse
939 1473 1035 1555 velle,
1057 1474 1085 1537 si
1108 1473 1226 1539 Oseser

67 1575 237 1639 adductus
264 1578 306 1640 sit
332 1581 369 1641 ut
395 1577 554 1660 praesidis
582 1575 719 1640 deducat
744 1575 876 1658 (direetz
906 1577 933 1640 si
961 1574 1115 1639 adductus
1137 1575 1224 1658 erit).

68 1674 241 1742 Unsieher
262 1678 305 1742 ist
327 1676 378 1742 die
400 1677 513 1743 Lesnrt
534 1701 565 1761 p.
588 1676 716 1742 Cluent.
738 1677 790 1756 55,
817 1679 877 1743 152
899 1678 927 1741 si
948 1677 992 1740 sit
1012 1675 1224 1740 constitutum

75 1785 116 1843 ut
138 1780 178 1843 de
200 1779 240 1842 iis
264 1817 304 1826 -
326 1780 443 1844 iudieis
464 1780 532 1844 fieri
549 1782 683 1863 possint.
1142 1843 1145 1849 .

164 1880 196 1944 8.
222 1879 599 1966 Bedingungssiitze
621 1882 681 1945 mit
694 1884 733 1965 si,
749 1883 823 1962 sitsi,
840 1883 906 1963 etsi,
922 1881 1048 1945 &iamsi
1063 1878 1129 1943 und
1143 1883 1225 1944 tem·

78 1984 138 2047 etsi
164 1981 295 2046 werden
322 1983 402 2046 eben
431 2003 467 2047 sn
489 1984 609 2067 wenig,
638 1983 698 2048 wie
720 1983 838 2048 endere
860 1982 995 2046 Klessen
1018 1981 1074 2044 der
1098 1978 1224 2044 Neben-
1269 1977 1279 1990 ‘

83 2086 182 2163 sttze,
210 2104 273 2147 von
300 2084 372 2147 dem
394 2084 604 2168 regierenden
628 2084 783 2149 Praesens
805 2084 861 2148 des
882 2083 1097 2167 Hauptsatnes
1119 2081 1225 2145 beein·

86 2182 185 2248 flnsst
230 2183 283 2248 Sie
305 2184 410 2250 haben
432 2185 500 2249 also

167 2306 195 2348 a.
219 2284 558 2370 Haupttempnrat
587 2287 680 2352 Rose.
709 2290 781 2356 Am.
808 2288 847 2351 14
868 2305 949 2375 erge
966 2285 1047 2349 illud
1068 2285 1132 2349 iem
1153 2305 1223 2368 per·

86 2388 226 2470 spicuam
255 2387 399 2470 profecto
428 2394 492 2470 est,
521 2391 551 2454 si
576 2410 679 2473 neque
702 2411 811 2454 emens
833 2394 924 2473 peter
949 2407 1053 2471 neque
1081 2385 1225 2470 perditus

86 2489 165 2553 filius
183 2491 293 2571 fuerit,
316 2510 419 2573 neque
432 2489 498 2553 odii
520 2509 646 2554 causam
660 2493 746 2575 petri
760 2494 862 2575 neqire
884 2490 1013 2555 sceleris
1033 2487 1100 2551 filio
1115 2487 1223 2552 fuisse.

87 2590 137 2654 fin.
163 2593 189 2672 1,
213 2591 232 2655 7
256 2590 370 2674 quibus
392 2591 419 2653 si
442 2590 540 2655 semel
561 2592 684 2675 aliquid
705 2593 779 2656 falsi
797 2613 860 2676 .pro
889 2612 962 2655 vero
983 2591 1154 2674 probatum
1176 2589 1227 2671 sit,

85 2691 241 2756 sublatum
271 2712 339 2756 esse
361 2712 455 2755 omne
476 2690 627 2756 iudicium
658 2695 724 2758 veri
747 2698 779 2758 et
800 2694 873 2758 felsi
895 2697 996 2776 putet
1034 2713 1065 2774 p.
1088 2690 1228 2756 Oneeins

85 2791 122 2882 33
143 2793 254 2878 quaeri
276 2792 337 2857 hoe
364 2793 468 2859 solere
490 2814 540 2857 me
562 2815 625 2858 non
649 2796 817 2878 praeterit,
846 2815 941 2878 quem
963 2792 1002 2857 ed
1024 2792 1172 2872 modurn,
1200 2793 1227 2856 si

87 2893 193 2958 civitas
216 2894 314 2958 adimi
329 2916 395 2959 non
411 2897 521 2978 possit,
544 2895 578 2958 in
593 2896 736 2960 colonias
752 2896 881 2960 Latinas
904 2915 998 2978 saepe
1020 2894 1122 2958 nostri
1143 2894 1228 2957 cives

86 2996 218 3078 profecti
240 2997 317 3059 sint
355 2996 431 3060 fem.
457 2998 505 3080 13,
527 2997 580 3079 29,
605 2999 623 3060 7
646 2998 708 3062 hoe
730 2997 809 3061 mihi
832 2996 927 3060 velim
950 2996 1074 3075 eredas,
1102 2994 1129 3057 si
1151 2995 1227 3077 quid

87 3097 212 3161 feeerim
226 3098 334 3161 minus
349 3119 387 3162 ex
404 3096 550 3163 Caesaris
565 3099 740 3180 voluntate,
756 3099 788 3162 id
805 3098 918 3161 secisse
932 3097 1068 3161 eliorum
1082 3095 1226 3160 consilio.

88 3196 172 3264 verr,
194 3200 227 3281 5,
251 3200 303 3280 51,
330 3200 400 3263 131
444 3200 497 3263 off.
519 3201 550 3283 3,
577 3201 626 3283 13,
649 3200 702 3265 54.
743 3222 774 3283 p.
802 3199 895 3265 Osee.
920 3197 960 3262 12
980 3217 1112 3282 qnsero,
1138 3196 1169 3261 si
1194 3200 1228 3261 te

85 3298 176 3394 nodie
193 3336 233 3346 -
249 3299 481 3383 prohibuerint,
503 3300 580 3384 quid
602 3305 730 3366 aeturus
752 3301 861 3365 fueris.
885 3337 923 3348 -
941 3298 1081 3382 Mitetsi,
1104 3299 1228 3364 etiam

83 3402 145 3465 und
169 3403 311 3466 tametsi:
332 3402 409 3464 fain.
431 3402 463 3484 3,
479 3403 545 3485 5,1
568 3402 682 3466 scribis
702 3403 800 3486 enim,
821 3422 902 3485 quse
917 3401 957 3465 de
977 3400 1097 3465 nestris
1112 3400 1228 3464 officiis

84 3502 120 3565 sd
135 3505 168 3566 te
184 3501 378 3586 scripserim,
391 3503 454 3568 etsi
469 3505 530 3568 tibi
545 3503 684 3568 iucunda
698 3503 828 3581 fuerint,
844 3508 952 3568 temen
967 3524 1033 3567 non
1048 3503 1228 3567 neeessarie

83 3607 113 3666 te
134 3607 274 3687 putasse.
311 3604 341 3687 6,
363 3604 415 3687 21,
437 3607 459 3669 2
481 3627 601 3691 magna
621 3606 707 3670 enirn
736 3605 917 3670 consolatio
941 3610 1000 3685 est,
1021 3624 1097 3669 eum
1125 3624 1227 3668 reeor-

82 3704 166 3783 dsre,
191 3705 318 3768 etiamsi
341 3726 431 3770 secus
454 3708 616 3790 acciderit,
639 3712 672 3771 te
691 3711 802 3771 temen
816 3710 902 3771 reete
923 3726 1059 3789 vereque
1079 3706 1227 3774 saisisse.

84 3806 142 3890 leg.
164 3806 253 3874 Men.
282 3808 303 3871 5
332 3808 430 3871 euius·
448 3810 519 3892 ipso
548 3809 686 3873 adventu
715 3812 748 3872 et
773 3811 921 3897 nomine,
948 3808 1078 3872 tametsi
1105 3807 1160 3870 ille
1187 3808 1227 3871 ed

42 3986 47 3994 ⁸
83 3907 279 3972 maritimum
303 3908 420 3973 betium
443 3910 583 3990 venerit,
605 3914 715 3974 tamen
736 3911 876 3994 impetus
899 3910 1041 3974 hostium
1063 3929 1227 3993 repressos

82 4027 150 4073 esse
179 4009 379 4094 intelligunt.
428 4032 494 4094 rep.
527 4013 556 4093 1,
581 4013 599 4075 7
624 4033 707 4095 quos
737 4033 798 4097 ego
827 4013 988 4090 existimo,
1020 4010 1146 4075 etiamsi
1173 4013 1228 4096 qui

84 4107 144 4191 ipsi
166 4131 267 4194 remp.
289 4131 354 4174 non
377 4113 551 4196 gesserint,
579 4115 687 4177 tannen
713 4152 748 4163 -
772 4112 901 4179 functos
921 4134 993 4178 esse
1018 4113 1127 4197 ¹aliquo
1148 4114 1228 4197 reip.

85 4229 223 4279 munere.
260 4211 299 4276 de
322 4211 384 4280 div.
405 4214 438 4295 2,
458 4214 504 4278 35
526 4214 735 4298 existimoque
758 4216 807 4281 ius
829 4237 1001 4301 augurum,
1024 4215 1084 4279 etsi
1103 4214 1230 4279 divine-
